5125 7059
467 713 502 772 hi
1100 719 1265 779 brinate„
1282 751 1320 766 -
1337 721 1403 778 bin.
1422 721 1454 778 tl.
2048 724 2085 784 58

466 835 572 891 uacbos
583 841 613 889 et
626 833 778 900 moniales;
794 833 828 889 de
840 833 932 900 rebus,
956 834 1078 893 decianas
1091 848 1118 892 et
1132 839 1251 894 oblatio·
1265 847 1289 902 Α
1303 856 1363 895 mm
1378 840 1421 895 bis
1437 837 1541 896 utimur
1551 839 1650 905 verbis,
1664 838 1712 909 qui
1727 853 1794 910 crgo
1820 837 1928 896 Domini
1954 854 2017 910 pars
2031 851 2084 910 est,

467 940 514 979 nes
527 942 536 991 ς
551 925 587 981 dc
599 926 780 994 temporibus.
794 926 853 982 dies
876 928 1023 984 solemnes.
1041 926 1080 983 De
1094 929 1163 986 lueis
1180 946 1252 1000 pra·
1302 935 1344 991 rel
1357 945 1459 1004 partem
1476 936 1558 991 babet
1582 934 1739 1001 bominum,
1753 934 1820 989 nihil
1849 935 1958 1000 habeat,
1974 943 2003 989 ut
2022 932 2085 991 llic-

466 1015 603 1084 ditimos,
625 1018 778 1088 insequenti
811 1019 944 1088 particula
977 1019 1011 1075 de
1042 1022 1167 1090 personis
1187 1037 1253 1092 aga·
1300 1041 1430 1097 rongmus
1444 1028 1491 1090 ait,
1508 1035 1605 1096 prater
1615 1025 1770 1091 Dominum,
1794 1027 1841 1081 sed
1863 1026 1944 1080 talem
1962 1027 2085 1081 seerltl-

466 1122 527 1162 mus
541 1107 585 1162 ¹⁸⁹.
1097 1174 1100 1179 ,
1301 1115 1372 1179 beat,
1385 1125 1415 1169 ut
1425 1115 1563 1185 possideat
1576 1114 1730 1179 Dominum,
1748 1112 1791 1167 vel
1813 1113 2015 1182 possideatnra
2032 1111 2087 1167 ilo·
2195 1106 2199 1111 ’

723 1217 837 1275 οΑΡυΤ
853 1218 998 1277 partiunt,
1301 1208 1386 1268 mino.
1402 1217 1430 1262 et
1455 1217 1520 1263 turre
1537 1207 1653 1277 accipiet
1678 1205 1894 1262 benedictionem
1916 1221 1932 1260 a
1957 1204 2085 1272 homino,

497 1326 534 1366 ne
554 1325 746 1369 merituram
764 1329 800 1368 n
820 1329 919 1370 mm
937 1329 1109 1373 nmmo.
1123 1330 1219 1372 mg.
1299 1309 1328 1353 et
1342 1297 1397 1362 crit
1409 1298 1548 1369 generatio
1563 1296 1742 1367 quarentium
1766 1293 1912 1350 ltominum
1924 1295 1946 1362 ⁸,
1972 1297 2045 1352 sicut
2058 1297 2087 1353 ln

531 1377 534 1380 ’
764 1399 950 1442 snsrtcartua.
1300 1391 1394 1445 eadem
1411 1398 1521 1444 tonsura
1546 1389 1637 1444 dicere
1650 1388 1854 1443 consuevimus.
1868 1387 1992 1445 Tonsura
2003 1391 2086 1447 cleri·

500 1471 566 1528 «Sic
585 1487 639 1530 nos
652 1467 796 1531 existimet
813 1477 906 1541 bomo,
918 1477 1101 1537 mininistros
1115 1479 1254 1536 Claristiet
1302 1481 1371 1537 calis
1387 1481 1492 1549 accepit
1507 1479 1615 1534 initium
1634 1480 1737 1534 abusu
1758 1477 1960 1547 Nazareorum,
1984 1483 2031 1552 quii
2052 1499 2087 1540 ex

464 1562 673 1634 dispensatores
684 1566 878 1637 mysteriorum
891 1566 939 1624 Dei
952 1567 988 1626 ’.ι
1003 1571 1185 1640 Admajurem
1197 1587 1256 1641 gier-
1300 1572 1380 1640 iussu
1394 1570 1462 1642 legis
1475 1571 1564 1626 crines
1577 1571 1711 1626 radebant
1721 1578 1749 1624 et
1764 1570 1791 1623 in
1820 1572 1983 1627 sacrilicium
1999 1573 2089 1628 inccn-

464 1669 598 1709 sonarum
611 1656 860 1713 ecclesiasticarum
873 1658 1047 1723 evidentiam.
1061 1662 1202 1717 sciendum
1214 1671 1256 1717 est
1302 1663 1403 1720 debant
1416 1662 1428 1695 ⁹
1442 1681 1450 1729 ;
1469 1660 1591 1718 Nazaraei
1613 1663 1743 1718 dicuntur
1768 1664 1856 1718 sancti
1869 1681 1877 1730 ;
1901 1664 2016 1736 ideoque
2039 1666 2089 1719 dn-

464 1747 539 1815 quod
556 1754 614 1802 tres
638 1747 767 1817 leguntur
778 1759 860 1805 sectae
882 1748 1012 1819 lamosae,
1033 1752 1185 1822 gentilium,
1201 1754 1255 1809 lie·
1302 1763 1418 1810 cuerunt
1439 1753 1580 1808 ministros
1594 1751 1722 1808 Ecclesiae
1746 1752 1806 1809 lore
1820 1754 1981 1820 tondendos,
1998 1764 2027 1810 ut
2042 1771 2089 1810 stt·

464 1838 605 1894 hraeorum
626 1849 654 1895 et
671 1840 907 1910 Christianorum
921 1845 1008 1914 prima
1029 1845 1216 1901 dicitursecta
1237 1861 1253 1902 a
1303 1845 1415 1917 perlluis
1437 1846 1649 1917 cogitationibus
1671 1861 1687 1900 a
1705 1855 1795 1901 mente
1810 1847 1942 1913 eteletsis,
1958 1859 1985 1903 et
2009 1851 2089 1903 llatrr-

464 1933 598 1996 mmndo,
612 1931 676 2003 quia
690 1941 775 1999 secat,
796 1932 824 1988 id
839 1946 881 1992 est
901 1950 953 1990 nos
966 1951 982 1991 a
1001 1933 1057 1992 beo
1071 1947 1189 2006 separat,
1212 1953 1254 1992 se-
1303 1937 1448 1992 misdiuini
1461 1938 1566 1992 amoris
1577 1937 1694 2000 incensi,
1704 1939 1804 2003 sancti,
1816 1938 1918 1994 Sanno
1931 1951 2088 1995 satir-tnnnn

464 2022 554 2078 conda
567 2031 595 2078 ct
607 2024 687 2079 tertia
700 2038 716 2078 a
731 2025 882 2094 secuado,
896 2025 941 2082 illa
954 2026 1027 2082 enim
1038 2027 1185 2094 illuminat,
1200 2026 1251 2082 ista
1305 2028 1334 2084 in
1359 2029 1503 2084 sanctitate
1526 2030 1647 2084 serviant
1662 2030 1696 2092 ¹⁰,
1722 2029 1763 2085 rel
1776 2031 1853 2085 aliter
1870 2046 1886 2086 a
1901 2032 1959 2101 lege
1974 2040 2089 2087 tonsura

464 2112 554 2170 salvat
568 2123 598 2170 et
610 2114 716 2172 liberat.
1304 2119 1438 2174 contrabit
1448 2121 1629 2176 occasionem.

496 2203 581 2262 Ritus
604 2206 725 2276 geratium
746 2216 774 2264 et
798 2204 973 2264 liebraeorutu
992 2209 1117 2265 conuersi
1139 2219 1203 2266 sunt
1224 2183 1290 2266 inB
1340 2209 1503 2266 Sacerdotes
1535 2211 1603 2281 legis
1634 2211 1752 2278 tiaram,
1784 2211 1811 2268 id
1837 2221 1880 2267 est
1906 2212 2034 2283 pileolum
2056 2227 2089 2268 cr

464 2297 550 2355 titum
564 2297 795 2364 Christianomm,
809 2307 838 2355 et
863 2299 922 2355 baec
944 2301 1057 2356 ιιιιιιιιιο
1068 2302 1186 2358 dextere
1198 2302 1255 2358 Es·
1305 2303 1388 2376 bysso
1400 2303 1427 2356 in
1442 2302 1553 2358 modurn
1579 2303 1675 2358 inediae
1691 2304 1797 2373 spherae
1820 2305 1847 2359 in
1873 2305 1963 2374 capite
1978 2305 1997 2337 ⁸¹
2013 2322 2020 2369 ;
2043 2320 2092 2360 rex

464 2391 531 2454 celsi
546 2391 568 2447 ¹.
595 2390 816 2448 Christianorum
839 2408 988 2463 pomona,
1017 2404 1072 2449 tarn
1109 2397 1255 2454 mutares
1304 2410 1510 2452 rerocoronant
1527 2396 1658 2464 gestabat.
1674 2394 1742 2451 Pars
1764 2410 1829 2466 ergo
1847 2396 2017 2465 capitisrasa
2041 2396 2093 2450 tia·

464 2499 561 2555 guam,
576 2485 769 2541 ecclesiastieae
784 2497 899 2556 sumptu
926 2488 1046 2542 suntab
1073 2486 1127 2542 illis
1147 2489 1255 2547 duabus
1305 2503 1381 2553 ram;
1397 2486 1519 2542 circulus
1531 2486 1647 2540 crinium
1656 2485 1782 2557 designat
1806 2501 1948 2551 coronam,
1968 2495 1998 2540 ut
2015 2484 2094 2539 intel·

463 2577 558 2643 tectis,
577 2576 690 2633 Hebraea
713 2576 818 2632 scilicet
830 2586 859 2633 et
873 2577 976 2648 gentili.
998 2575 1067 2633 Natu
1082 2583 1154 2648 apud
1171 2580 1256 2650 genti·
1306 2580 1424 2651 ligamus
1438 2587 1465 2634 et
1479 2578 1581 2649 gratias
1594 2592 1719 2649 agamus,
1733 2577 1807 2648 quud
1819 2576 1937 2633 instituit
1951 2591 2001 2632 nos
2021 2577 2094 2632 batus

464 2665 504 2725 les
517 2667 573 2723 luit
593 2668 740 2724 diversitas
760 2682 939 2738 personarum
954 2686 962 2736 ;
976 2670 1107 2739 quoniam
1121 2669 1183 2725 aliae
1205 2684 1256 2741 uo-
1307 2671 1563 2743 ingetntsclectnm
1577 2679 1606 2725 et
1620 2671 1710 2742 regale
1723 2669 1906 2724 saoerdotiutn
1927 2668 1960 2724 ¹⁸.
1978 2667 2026 2722 l'el
2043 2668 2094 2722 ali-

464 2758 589 2830 pulares,
611 2773 660 2815 seu
683 2757 792 2814 laicales
811 2756 894 2830 (Laos
909 2760 981 2814 enim
1007 2760 1134 2831 populus)
1149 2761 1191 2816 rel
1205 2776 1258 2817 sac·
1307 2773 1349 2820 tcr
1370 2765 1471 2835 alege,
1498 2763 1544 2818 ubi
1570 2776 1673 2819 corona
1694 2772 1814 2832 quatuor
1839 2759 1987 2830 digitorum
2013 2775 2095 2831 semer

465 2850 587 2916 cuiares,
599 2860 628 2906 ut
638 2851 786 2906 monarcha
798 2850 913 2918 scilicet,
927 2852 1086 2924 imperator,
1098 2868 1158 2921 rex,
1171 2852 1259 2924 patri·
1307 2870 1442 2921 mensam,
1453 2854 1526 2912 etde
1548 2868 1631 2924 super
1645 2852 1755 2910 aureola
1770 2851 1828 2908 lieri
1842 2852 1987 2932 mandatur
1999 2852 2031 2909 ¹⁸.
2044 2851 2096 2908 Per

466 2942 537 3008 eius,
558 2941 716 3012 prefectus,
739 2954 860 3012 senator,
890 2946 957 3012 dur,
982 2948 1117 3012 marchio,
1144 2961 1255 3014 comm,
1308 2947 1442 3003 circulum
1455 2961 1522 3017 ergo
1547 2945 1665 3001 crinium
1680 2958 1795 3009 corona,
1820 2943 1999 3012 perolateant
2015 2958 2096 2998 coro·

466 3049 579 3106 praeses,
595 3036 733 3104 tribunus,
747 3037 885 3105 centurio,
910 3037 1034 3103 decurio,
1058 3037 1256 3110 quatuor-riri,
1308 3039 1374 3094 uula
1401 3037 1530 3108 bngatur,
1556 3045 1587 3092 ut
1611 3050 1767 3106 speremus,
1782 3035 1856 3104 quod
1880 3035 2095 3105 perdoctrinam

466 3125 617 3195 triumviri,
628 3135 738 3196 prator,
751 3136 883 3198 questor,
896 3127 965 3182 aulae
975 3128 1078 3198 janitor
1094 3146 1102 3196 ;
1116 3129 1176 3186 aliae
1190 3131 1257 3186 deo·
1309 3143 1397 3186 sacrae
1420 3126 1582 3198 Scriptura,
1602 3136 1629 3182 et
1657 3125 1775 3180 maritate
1791 3133 1910 3195 quatuor
1935 3122 2096 3194 Evangelio

465 3233 525 3274 ιιι-,ιι
542 3217 667 3275 cultibus
675 3219 847 3289 mancipatae,
860 3226 892 3274 ut
907 3219 1257 3290 archiflamines,llamines,
1309 3235 1383 3284 rum,
1397 3219 1616 3290 promerebimur
1629 3233 1683 3273 non
1699 3218 1788 3272 solum
1804 3216 1903 3271 animae
1917 3219 1979 3273 ritae
1988 3227 2096 3273 retonare

465 3312 544 3374 abio
558 3312 636 3382 quod
655 3311 683 3366 in
699 3311 835 3382 capitibus
845 3313 998 3383 gestabant,
1011 3313 1115 3371 scilicet
1128 3315 1258 3371 sacerdo·
1312 3310 1495 3373 dulcedinem,
1521 3308 1571 3366 sed
1597 3317 1625 3364 et
1649 3307 1758 3377 coenon
1782 3306 2018 3362 clarificationem.
2047 3303 2095 3361 Vel

467 3413 506 3461 tes
523 3406 553 3460 in
570 3413 689 3474 utroque
712 3418 791 3459 sexu⁸
805 3403 873 3460 Aliae
897 3404 996 3460 studiis
1014 3406 1150 3475 deputatae
1170 3414 1260 3461 uteo·
1309 3414 1424 3460 tonsura
1452 3402 1597 3467 clericalis,
1621 3410 1648 3457 et
1674 3416 1770 3456 rasura
1791 3399 1929 3465 similiter,
1955 3399 2028 3455 sicut
2055 3401 2096 3456 eis

466 3494 563 3561 maedi,
584 3493 712 3565 tragmdi,
727 3492 951 3563 historiographi.
971 3491 1104 3549 similitor
1116 3494 1187 3564 apud
1202 3493 1257 3551 ile·
1271 3516 1294 3576 ρ
1310 3510 1386 3552 more
1401 3503 1496 3552 nostro
1513 3495 1627 3560 utimur,
1644 3494 1777 3565 originem
1809 3491 1913 3561 accepit
1938 3504 1954 3545 a
1971 3489 2095 3548 Christo.

466 3586 558 3646 hraeos
586 3583 733 3642 moularcs
755 3598 890 3655 aermnae,
909 3593 939 3638 ut
962 3599 1050 3654 reges,
1065 3591 1094 3640 ct
1109 3585 1206 3653 daces,
1232 3594 1260 3643 et
1311 3591 1439 3647 cbristus
1452 3589 1525 3645 enim
1542 3603 1588 3643 rea
1602 3595 1704 3650 noster,
1726 3584 1849 3654 spiraeum
1862 3594 1991 3636 eoronam
2005 3589 2099 3650 porta-

466 3679 517 3733 tub
534 3677 577 3733 eis
590 3675 756 3741 chiliarchae,
765 3674 995 3739 hecatontarchae,
1007 3678 1256 3745 pentacontarchae,
1310 3686 1351 3740 rit
1365 3686 1397 3751 ¹⁸,
1412 3692 1442 3739 ut
1457 3683 1551 3753 spinas
1563 3689 1591 3737 et
1615 3678 1732 3734 tribulos
1747 3687 1903 3732 nostrorum
1923 3681 2098 3744 peccatorum

466 3771 622 3837 lewich&
632 3771 659 3826 id
674 3778 727 3835 0⁸¹,
735 3768 891 3835 milltwil.
902 3768 1078 3844 [readunari]
1088 3772 1259 3843 quittqttage⁴
1312 3775 1442 3842 auferret,
1454 3790 1483 3830 sc
1496 3774 1586 3847 ipsum
1598 3772 1625 3828 in
1636 3786 1683 3826 ara
1696 3770 1787 3825 crucis
1801 3768 1944 3825 oblaturus
1958 3764 2097 3822 calvitium

466 3865 549 3930 uarii,
561 3862 671 3919 decani.
688 3860 756 3917 Nam
768 3862 840 3918 chile
854 3863 934 3928 mille,
956 3864 1040 3920 ecbas
1057 3873 1260 3934 contemperata
1310 3868 1432 3940 pertulit.
1447 3864 1505 3920 llos
1521 3863 1594 3920 enirn
1614 3869 1675 3917 crat
1694 3858 1766 3930 apud
1789 3857 1928 3927 arationes,
1954 3854 2027 3925 ettod
2049 3865 2098 3906 ca·

465 3957 672 4029 qninquaginta,
682 3955 764 4011 decas
774 3955 862 4010 decem
877 3954 1078 4026 interpretatur.
1089 3954 1145 4012 llos
1156 3957 1259 4012 consti·
1311 3969 1372 4031 utos
1387 3957 1575 4021 decalvabant,
1597 3969 1668 4025 quos
1691 3951 1852 4021 cruciligere
1869 3948 2005 4012 rodebant,
2027 3942 2099 4000 unde

466 4053 519 4109 tuit
529 4049 641 4123 lloyses
651 4052 686 4105 ad
700 4048 845 4105 eonsilium
860 4046 956 4105 letlrro
967 4050 1056 4105 soceri
1067 4051 1109 4107 sui
1125 4049 1146 4117 ⁸,
1159 4050 1260 4109 divinis
1311 4057 1337 4104 et
1351 4049 1427 4105 loeus
1441 4046 1567 4103 caluariae
1585 4043 1737 4106 dicebatur,
1754 4041 1799 4097 ubi
1815 4041 1964 4096 crucillrus
1987 4036 2100 4093 esebo·

467 4146 591 4207 cultibus
602 4142 784 4213 mancipatos,
795 4151 825 4197 ut
841 4157 968 4199 summus
982 4141 1123 4211 sacerdos,
1138 4144 1259 4201 minores
1311 4139 1403 4194 minus
1419 4138 1440 4170 ¹¹
1456 4156 1464 4205 ;
1482 4146 1509 4194 el
1524 4137 1584 4192 ideo
1598 4135 1699 4189 dicilllf
1721 4133 1891 4196 melitius·
1908 4146 1962 4186 ⁰⁰¹¹
1977 4127 2042 4198 quia
2053 4127 2100 4183 ‘¹0‘

468 4239 640 4305 sacerdotes,
668 4234 780 4305 mvtrae,
799 4235 939 4303 Natbinei,
952 4243 1137 4303 emunctores,
1152 4237 1259 4292 exorci-
1312 4233 1447 4298 calvatus,
1470 4230 1517 4287 aed
1531 4229 1594 4300 qaia
1611 4227 1638 4282 in
1654 4226 1773 4281 caluaria
1785 4240 1894 4294 passus,
1913 4221 1985 4279 unde
1999 4221 2100 4292 ligura·

468 4347 528 4401 stae,
544 4334 693 4405 janitores,
720 4342 857 4399 cantores,
884 4341 912 4389 ct
935 4327 1036 4384 arditui
1051 4329 1072 4382 δ.
1094 4325 1151 4384 llos
1176 4329 1259 4384 ctiam
1313 4333 1357 4381 tus
1370 4332 1412 4378 est
1429 4337 1477 4392 per
1494 4319 1575 4384 Corc,
1591 4319 1637 4389 qui
1660 4317 1750 4372 colores
1774 4318 1986 4387 interpretatur,
2002 4321 2030 4368 ct
2053 4328 2100 4383 per

468 4427 579 4501 lloyses
591 4426 721 4494 instituit,
736 4423 869 4496 quomam
894 4437 960 4478 reru
974 4420 1072 4485 Dauid,
1087 4431 1115 4477 et
1128 4420 1259 4478 Salomon
1313 4415 1452 4480 Elisaeum,
1468 4412 1513 4469 cui
1528 4429 1544 4467 a
1564 4411 1647 4468 latuis
1661 4411 1822 4467 dicebatur:
1843 4427 1853 4460 r
1869 4407 2005 4471 Ascende,
2024 4405 2101 4460 calte

468 4537 499 4576 ex
512 4527 655 4592 praecepto
677 4515 789 4574 Domini
817 4512 966 4572 ordinarit.
991 4511 1125 4568 Similiter
1145 4521 1173 4569 et
1189 4511 1260 4583 apud
1313 4508 1350 4575 ¹⁸3
1364 4527 1374 4561 ι
1389 4515 1470 4577 etrier
1484 4502 1646 4560 samsonem
1656 4501 1701 4558 cui
1714 4501 1801 4556 balila
1816 4509 1897 4570 caput
1911 4499 2015 4555 abrasit
2027 4497 2059 4564 ἰ,
2074 4497 2101 4551 id

468 4613 646 4671 Christianos
666 4620 731 4668 aunt
745 4610 837 4681 plures
857 4622 992 4680 giersonae,
1017 4603 1149 4677 quaesere
1172 4606 1261 4663 nomi·
1312 4596 1715 4670 estquemSyuagoga,mcntis
1729 4595 1820 4663 inops,
1836 4593 1863 4647 in
1874 4591 1999 4647 calvaria
2012 4589 2102 4645 cruci·

468 4707 553 4763 nibus
565 4712 714 4760 censentur
727 4701 831 4759 eisdem
843 4716 905 4757 cum
921 4698 1068 4772 gentilibus
1080 4697 1180 4754 divinis
1201 4697 1261 4755 cul·
1312 4691 1380 4746 lixit.
1396 4688 1451 4746 Not
1479 4689 1571 4758 itaque
1595 4686 1643 4741 lilii
1663 4685 1734 4741 Cure
1754 4685 1883 4754 superius
1905 4682 2100 4748 deealnamnr,

469 4799 545 4855 tibus
571 4795 744 4867 mancipata,
759 4802 790 4850 ut
812 4792 916 4859 clerici,
942 4790 1081 4851 monachi.
1096 4789 1196 4846 clerici
1217 4790 1260 4845 di.
1313 4798 1376 4838 cnm
1391 4781 1524 4848 radimur,
1535 4788 1562 4835 et
1586 4779 1627 4836 sic
1649 4792 1698 4848 uer
1719 4776 1853 4832 circulum
1866 4773 1995 4838 crinium,
2010 4782 2102 4827 etnu-

469 4893 571 4942 cuntur
583 4897 600 4937 a
613 4881 714 4949 cleros,
726 4881 798 4951 quod
813 4889 856 4936 est
869 4895 950 4944 tora:
973 4893 1036 4934 nam
1051 4877 1078 4932 in
1093 4875 1183 4934 Veteri
1206 4876 1260 4934 Te·
1275 4866 1299 4922 1)
1312 4876 1425 4930 ditatum
1457 4887 1562 4930 rasura
1585 4871 1741 4944 passionem
1762 4867 1867 4924 Christi
1893 4865 2053 4927 recolimus,
2073 4863 2101 4919 ln

471 4983 610 5034 ttameuto
637 4974 794 5031 sacerdotes
826 4972 997 5047 eligebantur
1020 4981 1095 5026 sorte
1108 4971 1130 5038 ⁸,
1153 4980 1181 5027 et
1203 4969 1261 5026 hla-
1313 4984 1368 5039 qua
1380 4966 1489 5038 gloriari
1500 4974 1619 5036 utquam
1635 4961 1736 5019 imitari
1746 4961 1887 5017 debemus.
1901 4958 2101 5014 biciturautem

471 5072 543 5126 thias
555 5075 631 5126 sorte
642 5066 695 5124 luit
712 5067 817 5124 electus
829 5066 859 5133 ‘3
875 5065 989 5137 gentilos
1002 5067 1076 5122 enim
1090 5066 1123 5122 ad
1138 5065 1260 5120 diuinum
1315 5075 1424 5127 rasura,
1436 5073 1541 5115 corona
1554 5074 1562 5123 ;
1575 5057 1639 5126 quia
1654 5054 1805 5111 decalvatio
1823 5051 1926 5106 Christi
1941 5049 1994 5105 lult
2008 5058 2102 5104 nostra

471 5163 577 5220 cultum
591 5167 666 5218 surio
691 5174 776 5215 unum
794 5174 828 5214 ea
853 5159 946 5216 liberis
965 5159 1100 5230 eligebant
1113 5175 1121 5225 ;
1136 5158 1177 5213 rel
1200 5157 1262 5212 ideo
1314 5152 1440 5210 victoria.
1454 5149 1532 5207 Unde
1546 5167 1553 5204 :
1569 5168 1579 5202 t
1596 5148 1660 5203 blibl
1686 5155 1777 5203 autent
1789 5145 1862 5200 absit
1875 5143 1986 5215 gloriari
2004 5142 2060 5196 nisi
2074 5140 2101 5195 in

472 5254 652 5312 nominantur
664 5249 768 5318 cleriei,
793 5251 858 5322 quia
882 5260 995 5318 sortem,
1017 5252 1106 5308 idest
1119 5251 1263 5307 haeredita·
1315 5261 1397 5303 crucc
1412 5242 1520 5300 Domini
1531 5243 1619 5299 nostri
1639 5239 1703 5296 lesu
1721 5237 1825 5294 Christi
1837 5238 1859 5269 ¹⁸
1873 5253 1904 5302 t,
1919 5237 1966 5291 sed
1980 5235 2102 5289 nottduttt

473 5354 527 5406 tem
543 5343 656 5399 bomini
680 5342 844 5413 percipiunt,
869 5351 900 5397 ιιι
925 5343 1056 5406 decimas,
1080 5342 1216 5411 primitias
1236 5350 1264 5397 et
1317 5339 1443 5410 apparuit
1464 5337 1522 5392 haec
1545 5336 1643 5408 ¹gloria,
1662 5333 1729 5403 guid
1745 5331 1835 5387 Ιοιιιι·
1849 5348 1856 5397 ;
1872 5331 1953 5385 habet
1965 5329 2041 5382 aerim
2055 5328 2104 5381 ad·

472 5435 635 5493 ablationes.
662 5431 731 5488 Natu
764 5440 792 5489 ct
819 5433 908 5489 cleros
925 5433 1066 5489 hereditat
1089 5433 1200 5499 dicitur,
1216 5432 1260 5487 vel
1317 5432 1372 5487 huc
1399 5431 1518 5486 tristitiae
1543 5429 1662 5497 signum,
1685 5427 1773 5482 donec
1797 5422 1908 5480 tristitia
1934 5431 2056 5477 vertatur
2074 5420 2104 5475 in

473 5528 575 5585 dicitur
590 5525 782 5597 clericusguia
795 5524 929 5583 Dominus
942 5525 1057 5582 sortitus
1068 5535 1110 5582 est
1129 5542 1203 5592 eum,
1220 5525 1262 5581 rel
1315 5524 1445 5596 gandium
1459 5525 1482 5557 ¹⁰
1496 5541 1503 5585 ;
1517 5521 1558 5575 tel
1571 5519 1706 5590 originem
1728 5518 1810 5573 babet
1833 5531 1848 5570 a
1868 5513 1960 5580 Petro,
1976 5515 2047 5568 sicut
2069 5526 2104 5567 cx

475 5622 531 5692 ipsc
545 5620 799 5690 [homiuumjurta
818 5620 1083 5676 illudatbominus
1104 5621 1264 5690 parsbaero·
1317 5617 1480 5674 auctoritate
1498 5616 1576 5671 bedae
1601 5617 1629 5668 in
1658 5612 1772 5668 historia
1792 5609 1928 5679 reperitur
1942 5606 2103 5675 bingionum,

475 5712 568 5770 ditatis
583 5728 652 5769 meae
664 5713 686 5768 ’.
704 5731 715 5765 ι
738 5710 803 5768 lude
826 5721 868 5767 est
883 5711 956 5782 quod
973 5711 1000 5765 in
1015 5719 1128 5766 tonsura
1150 5708 1264 5766 clerico·
1317 5711 1365 5781 qui
1381 5712 1440 5767 ait:
1455 5708 1561 5764 Nullam
1573 5719 1714 5764 tonsuram
1730 5703 1818 5774 magis
1832 5701 2047 5773 amplectendum
2059 5713 2102 5765 ea,

518 5915 552 5947 ¹⁸·
566 5908 1226 5983 iillleg.b;Num.h:beuter.26;Erod.20.
1284 5909 1448 5966 ¹lCor.i.
1497 5906 1660 5965 ’eratus
1711 5900 1884 5958 ⁸Esodl8.
1920 5897 2102 5979 ‘Ernrl3283

478 5981 806 6044 berentmlbarabd.
844 5983 992 6038 'bamili
1030 5981 1154 6036 ‘nobb
1191 5980 1353 6037 tecente.
1391 5979 1551 6036 watra.
1590 5976 1700 6031 ·n'nm.
1716 5975 1744 6030 6.
1784 5972 1931 6027 ¹⁰an.l.
1978 5971 1997 6001 ¹¹
2015 5967 2102 6024 huod.

479 6056 519 6111 Ἃ·
557 6052 740 6108 ’ἾΡιιίῐιῖι
779 6051 960 6111 ”Exedra
1004 6051 1390 6120 1*ιιοιιιι.ιι;ιιιιιι.ι5;
1418 6050 1559 6108 inarata.
1599 6047 1703 6103 ¹⁸lbid.
1743 6043 1813 6098 “ll
1841 6042 1908 6117 [leg.
1934 6041 1963 6098 Ξ.
2001 6038 2103 6097 ”lum

482 6128 520 6184 ιι.
559 6124 654 6180 ¹⁸Gal.
668 6121 695 6178 6.
736 6120 918 6182 ''lluatnin
957 6122 1135 6181 ”ioanni
