5125 7059
352 722 407 777 853
631 721 802 781 nlntoctls
821 723 864 778 DE
883 723 1079 781 contractu
1099 723 1231 780 AllOillS
1252 724 1305 778 [llll
1329 726 1371 780 et
1391 727 1531 785 atsutia·
1553 728 1714 786 botosAE.
1933 735 1987 789 bil

355 837 596 906 amplectentibus.
614 838 681 892 Novi
695 855 813 908 grumae,
828 840 900 910 quod
913 841 965 901 via,
980 857 1034 910 qvia
1051 844 1105 896 itur·
1115 841 1148 896 ad
1165 844 1185 897 b
1236 840 1318 895 liuor
1335 840 1400 895 liei:
1414 842 1526 914 Emptos
1537 853 1589 906 cst.
1605 848 1651 917 qrri
1671 845 1797 901 videlicet
1814 862 1828 900 a
1841 847 1934 901 saculi
1945 862 1990 899 ra·

355 927 492 987 caelestia.
505 932 596 1000 anapia
613 939 654 985 est
671 929 790 985 bdelium
806 931 875 1000 spei,
894 931 957 986 licet
970 941 1044 987 arcta
1059 933 1095 987 sit
1108 932 1147 987 iu·
1201 935 1285 988 nitate
1300 950 1451 991 conversus
1472 938 1602 1006 relinquit
1617 937 1789 1009 temporalia,
1808 944 1837 991 ιιι
1850 936 1989 1008 possideat

355 1024 478 1080 fidelium
497 1027 623 1080 vanitati.
1200 1037 1311 1088 aeterua,
1323 1028 1367 1081 oui
1384 1027 1410 1082 iu
1422 1029 1611 1084 conversionis
1627 1030 1739 1084 exordio
1750 1028 1777 1083 id
1787 1029 1860 1100 quod
1874 1030 1987 1100 patitur,

390 1116 432 1169 Ad
447 1116 522 1186 quod
545 1116 649 1188 Lingua
667 1118 784 1173 doloso:
802 1118 885 1173 Miror
908 1126 935 1174 tc
956 1119 1059 1181 dicere,
1075 1120 1149 1189 qrrod
1200 1134 1282 1188 grave
1305 1118 1387 1173 uiuvis
1401 1119 1518 1175 videtur.
1540 1120 1636 1174 billinc
1656 1122 1729 1174 cuim
1750 1136 1825 1175 nova
1844 1122 1990 1177 conversio

354 1201 401 1257 [tei
414 1205 454 1258 tui
467 1204 567 1276 jugum
586 1206 645 1261 leve
660 1207 707 1267 sit,
721 1222 783 1262 cum
800 1207 888 1263 boreos
903 1208 988 1263 tantis
1010 1209 1149 1264 laboribus
1201 1210 1322 1280 pristinae
1334 1211 1396 1265 vitae
1415 1212 1634 1266 ccvrrvmistiouem
1649 1212 1741 1267 babet.
1754 1213 1882 1269 Sericum
1899 1229 1991 1269 reces-

355 1295 501 1352 videamus
513 1297 624 1367 agitari,
643 1297 747 1359 versari,
767 1300 877 1354 concuti
892 1308 978 1369 atque
990 1301 1106 1362 trulnrri,
1121 1309 1149 1354 ut
1200 1305 1276 1363 serit.
1293 1301 1373 1355 idest
1388 1317 1450 1356 euru
1467 1304 1573 1373 plenius
1588 1302 1623 1356 ab
1641 1317 1734 1358 aurore
1758 1305 1852 1359 mundi
1867 1304 1988 1360 auivuunt

356 1402 410 1440 non
435 1403 451 1441 a
472 1388 610 1443 lulioreud
625 1391 757 1459 «grvictem,
773 1392 821 1446 sed
837 1407 853 1445 a
869 1392 961 1461 qutiete
978 1393 1011 1445 ad
1028 1393 1149 1445 laborem
1201 1395 1395 1463 segregaverit,
1420 1401 1487 1447 tuuc
1502 1394 1646 1458 gloriatur,
1661 1395 1734 1465 qrvod
1761 1396 1848 1463 rvtagis
1864 1397 1890 1451 iu
1906 1398 1986 1467 spiri·

354 1494 417 1536 esse
430 1482 518 1536 vircad
534 1481 686 1543 videantur.
703 1485 751 1545 ita,
768 1490 798 1537 ut
810 1484 915 1549 multis,
928 1499 959 1538 ac
969 1486 1046 1541 miris
1062 1487 1149 1541 vitodis
1201 1487 1322 1540 tualibus
1337 1486 1417 1540 donis
1433 1486 1550 1542 letatur.
1566 1500 1647 1555 qivana
1660 1487 1737 1556 prius
1750 1485 1778 1541 iu
1790 1488 1894 1542 carnali
1913 1490 1991 1545 volu·

356 1579 484 1627 vexatum
510 1588 540 1627 se
553 1573 611 1628 loce
628 1582 746 1634 asserat,
762 1590 843 1645 quem
860 1573 907 1630 liei
932 1577 974 1632 tui
995 1575 1149 1632 studiosum
1200 1585 1274 1649 ptate
1288 1578 1481 1634 delectaretur.

353 1663 492 1719 cultorem
508 1664 569 1719 iibri
581 1664 622 1719 tui
637 1666 767 1721 clamant.
1236 1668 1339 1735 Liupao
1361 1668 1455 1723 deluso
1469 1685 1476 1720 :
1489 1668 1548 1724 loru
1565 1671 1608 1724 lac
1627 1669 1702 1740 qrrod
1716 1670 1889 1727 consutosst
1903 1680 1930 1727 te
1944 1674 1992 1729 de·

390 1757 433 1810 Ad
447 1757 522 1826 quod
537 1760 620 1811 Amor
634 1756 683 1812 liei
697 1773 707 1812 .·
723 1756 988 1830 Superiusdixerarn
1002 1763 1062 1823 tibi.
1079 1761 1150 1816 irride
1201 1762 1282 1815 lectat
1294 1763 1448 1827 cvvrrvecsio,
1456 1770 1584 1831 exspecta
1597 1777 1683 1830 risvpue
1699 1761 1733 1815 ad
1743 1771 1991 1826 senectuteur,euuv

355 1864 439 1904 nosse
452 1850 523 1905 satis
536 1865 642 1921 posses,
654 1852 791 1921 qrromodo
806 1852 852 1908 ilci
863 1854 914 1909 ruei
923 1854 1020 1924 jugum
1036 1855 1148 1912 levesit.
1202 1852 1287 1908 ileum
1314 1863 1390 1906 tuum
1409 1854 1518 1908 noveris
1541 1854 1602 1908 illos
1624 1854 1705 1907 ctiam
1728 1853 1841 1910 denario
1864 1870 1994 1911 vervvuue·

354 1938 435 2005 Quod
448 1947 540 1993 auteur
561 1941 720 2010 specialiter
733 1942 767 1997 de
782 1942 963 2012 quodamttei
978 1944 1029 1999 arrei
1044 1945 1151 1999 cultore
1201 1959 1288 2003 rasse.
1315 1943 1361 2014 qni
1384 1944 1491 1998 cineum
1520 1943 1581 2012 ejus
1605 1942 1751 1998 undecima
1780 1943 1847 1997 bora
1874 1944 1991 2014 ingressi

355 2031 605 2101 largirerisnescio,
619 2048 702 2104 quiem
718 2036 828 2105 pulsas;
850 2034 903 2091 uisi
917 2035 987 2090 torte
1002 2036 1035 2090 ad
1047 2051 1151 2090 urcmo-
1201 2043 1283 2103 siunt,
1302 2036 1374 2091 sicut
1395 2035 1476 2100 illos,
1497 2035 1544 2104 qui
1571 2034 1658 2105 prirua
1680 2035 1747 2089 bora
1765 2032 1890 2090 laborare
1902 2051 1993 2105 cmpe-

356 2123 426 2177 riam
446 2138 560 2179 revoces
582 2125 671 2187 illum,
698 2142 779 2197 «prieur
805 2127 908 2182 scinnrs
928 2127 963 2181 de
976 2143 1006 2183 se
1018 2130 1152 2183 veraciter
1201 2139 1275 2185 ιιιιιι.

354 2215 474 2278 dixisse,
492 2216 564 2287 quod
590 2218 617 2271 in
632 2219 808 2285 carceribus,
830 2219 858 2274 in
874 2218 962 2290 plagis
985 2234 1068 2289 suipra
1091 2190 1186 2274 vrso·B
1236 2222 1319 2274 Aerior
1330 2218 1396 2273 Dei:
1413 2217 1494 2273 llodo
1508 2216 1696 2288 perspicacius
1713 2217 1867 2279 intueome
1882 2216 1993 2287 urridens

354 2304 434 2366 dum,
453 2307 482 2361 iu
496 2308 632 2364 ururtibus
645 2306 804 2379 ireqrveuter
823 2309 942 2380 pericula
962 2312 1113 2381 pertulerit.

391 2398 435 2455 Ad
447 2400 523 2469 «guod
535 2398 638 2470 Lt'upua
651 2400 767 2458 dolose:
784 2400 832 2459 ille
843 2411 886 2459 est
900 2403 934 2460 de
943 2420 999 2475 que
1015 2405 1083 2461 diti.

388 2492 444 2546 Curi
459 2492 544 2546 Aruer
566 2491 612 2546 ilci
627 2511 637 2549 .·
656 2491 684 2548 Si
700 2493 733 2548 de
748 2493 808 2566 ipso
819 2496 924 2560 dixisti,
938 2498 985 2567 ptri
1000 2504 1040 2553 tot
1050 2506 1077 2554 et
1089 2506 1151 2553 tau-

354 2594 398 2639 tos
414 2582 527 2639 iabores
542 2586 663 2655 pertulit,
677 2593 707 2641 ut
720 2588 802 2641 etiam
815 2586 957 2644 taediosum
979 2589 1016 2644 sit
1031 2605 1152 2645 courme-

355 2689 480 2740 morare,
495 2675 569 2746 quod
582 2676 628 2732 ille
638 2692 688 2748 pro
701 2676 757 2733 Deo
767 2693 829 2733 rueo
843 2680 929 2734 voluit
942 2680 1077 2747 tolerare;
1089 2695 1151 2736 con·

1200 2312 1302 2367 babere
1316 2311 1435 2381 speciem
1450 2309 1624 2373 consulendi,
1640 2309 1688 2365 sed
1708 2323 1842 2364 venenum
1854 2308 1994 2377 deceptio·

1201 2405 1246 2459 uis
1264 2405 1416 2466 occultare,
1429 2410 1456 2456 et
1469 2401 1521 2456 sul)
1541 2400 1685 2456 dulcedine
1697 2400 1784 2454 mellis
1796 2400 1937 2471 porrigere
1962 2414 1995 2452 ac

1201 2496 1347 2568 propinare
1362 2494 1572 2549 amaritudinem
1588 2492 1670 2549 lcllis.
1694 2490 1762 2546 Naue
1787 2490 1916 2562 pestilera
1932 2506 1995 2562 pisi·-

1201 2591 1332 2645 suasiooe
1343 2588 1462 2643 bortaris
1477 2603 1520 2642 nve
1539 2586 1692 2643 senectutis
1705 2593 1813 2657 tempus
1823 2594 1993 2655 exspectare,

1202 2696 1264 2736 eum
1276 2679 1349 2736 [lens
1360 2695 1437 2735 ruetis
1454 2695 1502 2749 per
1513 2677 1686 2733 Salomonem
1698 2676 1763 2732 mint
1779 2676 1890 2742 dixerit,
1912 2683 1942 2730 nt
1951 2678 1994 2731 sui

355 2769 471 2825 veniens
488 2779 579 2825 marren
590 2786 645 2826 uon
658 2777 711 2836 est,
728 2779 757 2826 ιιι
773 2771 826 2827 sibi
840 2772 947 2828 labores
958 2775 1040 2830 uinus
1054 2791 1151 2846 graves
1201 2787 1306 2829 memor
1317 2787 1407 2829 essem
1420 2771 1447 2826 iu
1460 2778 1582 2841 tempore
1591 2770 1754 2840 iuventutis.
1767 2768 1900 2835 Quieuim
1918 2768 1997 2823 blau·

357 2859 473 2925 luerint,
492 2875 563 2932 qvos
580 2878 614 2917 ex
629 2870 688 2918 toto
707 2864 790 2919 eorde
804 2865 936 2937 suscepit.
953 2864 1013 2939 lpse
1033 2883 1151 2939 narrrqne
1201 2867 1322 2938 dilonuis
1344 2867 1518 2922 sermonibus
1542 2866 1597 2921 tuis
1624 2879 1718 2920 aurem
1757 2862 1968 2919 accommodant
1985 2903 1994 2926 ,

355 2956 384 3010 iu
398 2954 628 3012 tribulationibus
642 2956 822 3029 gloriabatur.
836 2967 934 3015 etcum
953 2960 980 3014 in
998 2960 1088 3016 varias
1098 2960 1151 3015 tri·
1201 2960 1391 3016 condixerint
1412 2963 1439 3013 iu
1450 2958 1528 3014 corde
1541 2974 1606 3014 roo:
1619 2956 1679 3012 Pes
1691 2965 1716 3012 et
1730 2962 1869 3020 securitas,
1885 2967 1997 3011 tuvrcee·

358 3045 516 3102 balationes
540 3046 692 3111 incidisset,
707 3062 789 3105 ovune
804 3048 934 3120 gandium
947 3050 1026 3121 juxta
1049 3066 1151 3122 coapo-
1201 3054 1323 3123 peutiuur
1338 3053 1375 3108 eir
1390 3052 1552 3121 summania
1574 3052 1698 3105 interitus
1712 3048 1740 3121 (l
1751 3049 1843 3105 l'besr.
1856 3051 1895 3121 v).
1912 3048 1944 3103 lli
1954 3049 1996 3103 ni-

358 3135 423 3191 stoli
441 3135 488 3192 sui
505 3136 587 3192 verba
599 3138 775 3204 existimavit,
791 3147 818 3194 ct
831 3156 886 3195 trou
898 3141 996 3204 tristis,
1013 3142 1061 3197 sed
1073 3143 1151 3214 quasi
1204 3146 1305 3202 mirum
1318 3144 1365 3201 nei
1381 3145 1433 3199 mei
1448 3145 1531 3199 verba
1545 3151 1573 3199 et
1587 3144 1715 3215 providas
1730 3143 1926 3199 similitudines
1949 3152 1996 3197 aut

358 3230 450 3286 tristis
459 3237 533 3295 crat,
542 3246 650 3302 semper
660 3239 749 3286 autem
758 3235 880 3303 gaudeus
889 3235 1055 3290 medullitus.
1070 3234 1152 3290 Nam·
1204 3238 1332 3308 ignorant
1353 3243 1400 3291 aut
1422 3235 1608 3292 dissimulant.
1628 3232 1696 3289 Nam
1713 3231 1779 3287 duru
1807 3239 1919 3302 paratos
1933 3245 1997 3286 essa

357 3338 412 3392 nne
426 3322 624 3385 considerauit,
651 3323 723 3395 quod
744 3339 799 3380 nou
822 3334 916 3381 esseut
932 3327 1074 3399 condignae
1089 3343 1153 3399 pas·
1204 3331 1285 3385 vellet
1299 3328 1445 3384 dilectores
1460 3342 1528 3383 suos
1542 3326 1581 3380 ait
1599 3340 1607 3379 t
1624 3323 1654 3380 sn
1673 3320 1885 3391 Paterfamilias
1903 3322 1995 3381 sciret,

359 3416 456 3471 aiones
470 3413 554 3485 liujus
565 3416 697 3486 temporis
707 3416 742 3471 ad
755 3415 874 3472 loturam
883 3418 1009 3489 gloriaru,
1019 3434 1079 3489 qvvae
1091 3430 1154 3491 post
1203 3440 1255 3495 gno
1266 3422 1331 3476 bero
1347 3420 1391 3491 far
1400 3421 1508 3483 ueniret,
1517 3435 1568 3483 nep
1578 3417 1673 3473 sineret
1686 3415 1790 3486 perfodi
1800 3414 1907 3469 dentum
1920 3427 1997 3467 raom

359 3507 411 3563 boe
430 3506 498 3570 sibi,
522 3514 550 3564 et
567 3508 695 3566 omnibus
711 3507 795 3566 lenm
811 3525 901 3565 meum
930 3512 1085 3568 amantibus
1109 3527 1189 3607 rec
1206 3510 1481 3586 (Mottbsvvvbouid
1492 3505 1818 3577 estanteur,quodmedio
1829 3514 1997 3574 uectespou·

360 3597 478 3653 velanda
493 3596 564 3653 leret
576 3596 663 3669 (llouu
680 3600 751 3669 vrri).
769 3596 798 3651 lu
813 3598 864 3654 bae
884 3614 956 3671 sape
972 3600 1017 3657 ille
1041 3600 1153 3656 laetaba-

361 3695 418 3751 tur,
434 3690 500 3746 licct
514 3689 605 3745 ailbue
626 3691 799 3762 corruptibili
815 3705 931 3763 corpore
945 3702 1116 3763 gravaretur.

393 3780 524 3852 Moneri
538 3781 642 3854 bingae
660 3784 777 3840 doloso:
796 3784 882 3841 Video
895 3789 996 3841 rrrultos
1011 3788 1094 3841 etiam
1124 3786 1152 3842 iu

362 3874 422 3945 ipse
437 3875 628 3932 conversionis
637 3877 787 3948 primordio
799 3886 840 3933 tot
851 3893 884 3933 ae
898 3878 982 3934 tantis
998 3879 1155 3934 tentationi·

362 3965 415 4021 bus
429 3967 537 4033 uexari,
552 3969 730 4034 comavoveri,
745 3978 773 4026 et
787 3971 861 4041 augi,
876 3978 907 4025 ut
917 3970 1028 4025 mallent
1040 3986 1070 4026 se
1085 3987 1155 4025 ιιιιιι-

358 4072 446 4128 ‹guato
460 4057 526 4114 boui
554 4061 646 4132 operis
662 4062 766 4133 aliquid
775 4063 932 4129 inchoasse,
944 4077 1025 4133 quam
1035 4062 1062 4118 iu
1078 4071 1155 4122 tarrto

363 4147 458 4205 labore
470 4148 553 4221 bajus
567 4152 630 4207 vite
642 4159 750 4224 tempus
763 4155 892 4210 transire.

397 4243 441 4298 bd
461 4242 537 4313 quod
557 4243 639 4299 Amor
654 4243 723 4299 liei:
746 4245 843 4302 nottus
863 4247 963 4301 atbleta
980 4246 1040 4303 sine
1055 4247 1156 4305 sudore

364 4343 525 4393 coronatur.
541 4334 660 4394 fidelem
681 4337 764 4394 lleuru
779 4339 884 4407 habco,
909 4340 957 4411 qni
970 4342 1035 4397 mibi
1050 4343 1078 4397 in
1092 4352 1156 4398 teo·

365 4430 503 4484 tationem
517 4426 645 4485 ductibus
661 4428 811 4485 lectissima
826 4439 869 4485 est
884 4430 1015 4491 anchora.
1033 4446 1082 4487 nee
1107 4448 1156 4504 pa·

365 4520 451 4576 tietur
475 4533 519 4575 ete
532 4519 630 4575 tentari
644 4534 728 4593 snpra
745 4521 771 4576 id
785 4522 857 4591 quod
872 4536 997 4593 possum,
1013 4522 1061 4579 sed
1076 4524 1157 4579 laciet

365 4627 430 4670 οιιιιι
445 4611 597 4668 tentatione
614 4622 788 4683 proventum,
813 4620 844 4668 ut
861 4616 965 4684 possim
980 4618 1116 4674 sustinere
1129 4617 1155 4688 (l

365 4704 430 4762 cor.
447 4704 488 4775 a).
499 4702 628 4760 Salomon
635 4706 718 4761 etiarn
733 4706 861 4763 solatium
873 4708 938 4762 inibi
954 4717 1007 4774 est,
1021 4725 1069 4780 per
1083 4711 1155 4782 quod

364 4794 440 4855 bears
459 4812 537 4853 meus
552 4796 658 4854 solutus
668 4807 721 4855 est.

1206 3620 1254 3660 sus
1268 3604 1364 3658 venire
1378 3602 1489 3664 dicitur,
1511 3600 1557 3655 cui
1571 3598 1710 3671 virgiuum
1727 3598 1788 3653 alie
1803 3607 1916 3670 parate,
1936 3594 1998 3649 alie

1207 3695 1348 3767 imparatae
1361 3701 1522 3756 occurrunt,
1539 3691 1594 3747 uisi
1609 3692 1682 3762 qivod
1694 3689 1754 3745 dies
1766 3687 1863 3760 judicii
1885 3688 1926 3744 sic
1948 3700 1996 3740 re-

1207 3793 1318 3864 pentine
1337 3790 1523 3861 surperveniet,
1539 3794 1570 3841 ut
1594 3783 1740 3856 praevideri
1752 3799 1806 3838 non
1819 3781 1927 3855 possit?
1941 3779 1998 3837 Cur

1207 3897 1261 3938 non
1275 3880 1397 3944 attendo,
1413 3879 1487 3951 qvmd
1511 3877 1582 3932 idem
1599 3875 1671 3933 [leus
1688 3890 1768 3932 meus
1779 3876 1819 3929 ait
1836 3895 1843 3930 ε
1863 3873 1996 3945 l'igilate.

1205 3976 1269 4047 quio
1281 3974 1388 4028 nescitis
1409 3972 1489 4034 diem
1509 3985 1590 4039 negate
1603 3970 1696 4024 borant
1710 3967 1819 4039 illibi?
1831 3964 1900 4022 Cntu
1915 3967 1998 4039 igitur

1207 4066 1341 4122 morteuil
1357 4066 1393 4121 sit
1404 4064 1518 4125 certius,
1529 4062 1566 4117 uil
1577 4061 1643 4116 bina
1658 4060 1755 4115 ntortis
1769 4059 1911 4123 incertius,
1925 4074 1997 4115 seru·

1208 4176 1256 4233 per
1277 4159 1311 4214 ad
1333 4158 1380 4214 llei
1399 4158 1451 4212 truci
1471 4155 1618 4211 adveutum
1645 4160 1757 4224 paratus
1772 4167 1834 4209 esse
1848 4151 1944 4211 debeo.
1968 4160 1998 4207 ut

1208 4265 1271 4303 cum
1286 4248 1402 4308 venerit.
1424 4254 1452 4302 et
1475 4261 1524 4316 per
1540 4243 1711 4315 aegritudiuis
1729 4243 1881 4299 molestiam
1904 4241 1999 4313 pulsa·

1207 4340 1286 4402 verit,
1294 4339 1437 4394 conlcstim
1451 4339 1475 4393 ei
1485 4337 1649 4408 aperiam,id
1657 4342 1700 4393 est
1711 4333 1839 4390 ardenter
1845 4341 1871 4391 et
1882 4335 1999 4390 libenter

1208 4428 1367 4499 suscipiam.
1381 4424 1409 4482 Si
1428 4427 1659 4497 scirern,quaudo
1674 4441 1748 4482 mors
1763 4425 1927 4485 immineret.
1941 4422 1998 4479 lor·

1209 4519 1280 4574 sitan
1292 4524 1346 4572 tua
1362 4516 1533 4587 pemrrasioui
1562 4518 1776 4587 acqrviescerem,
1792 4522 1822 4570 ut
1836 4515 1909 4569 aliud
1926 4524 1997 4571 tem·

1209 4624 1260 4679 pus
1275 4609 1418 4676 volrrptatl,
1444 4606 1518 4661 aliud
1544 4606 1713 4677 paenitentia
1735 4620 1915 4662 reservarem.
1943 4606 1997 4662 Sed

1210 4713 1264 4753 tren
1286 4697 1374 4768 placet
1399 4694 1477 4759 mibi,
1495 4702 1524 4748 ut
1540 4695 1586 4750 ilci
1603 4694 1655 4749 rrrei
1671 4694 1830 4764 patientiam
1848 4701 1875 4747 et
1889 4691 1999 4749 miseri·

1208 4790 1329 4846 cerdiam
1343 4786 1489 4850 offendam,
1506 4796 1536 4841 ut
1549 4786 1731 4843 thesaurizem
1745 4784 1810 4839 mibi
1828 4784 1897 4838 iram
1912 4783 1940 4838 iu
1954 4783 2000 4838 die

399 4890 444 4946 ut
457 4888 532 4961 ιιιιοιι
545 4887 771 4961 linguatum:
788 4889 847 4957 llic,
866 4890 932 4963 quid
945 4891 990 4949 ille
1003 4893 1051 4949 tibi
1068 4893 1157 4951 dixit?
1174 4902 1196 4957 1)
1211 4887 1384 4944 revelationis
1398 4886 1466 4957 justi
1482 4885 1581 4954 judicii
1599 4884 1646 4942 net
1660 4888 1723 4941 mei.
1741 4884 1806 4941 Scio
1823 4884 1908 4945 enim,
1924 4886 1998 4954 quod

366 4988 394 5037 et
405 4980 482 5036 unde
492 4988 570 5036 tanto
583 4981 682 5052 gaudio
700 4979 884 5037 suffundaris?

400 5072 489 5127 dator
504 5070 554 5127 net
567 5086 578 5125 .·
589 5070 692 5126 licium
703 5081 752 5135 eat,
767 5071 831 5126 dicit
842 5073 928 5129 omnis
939 5085 1050 5145 emptor,
1062 5086 1087 5131 et
1098 5093 1158 5132 cum

366 5164 517 5230 maced,
537 5162 703 5222 badalitvr.
725 5163 789 5220 llaec
803 5174 868 5222 suut
881 5167 964 5223 verba
979 5169 1087 5242 prelati
1106 5168 1158 5225 Sa·

365 5256 478 5332 pinetis.

402 5348 446 5405 bd
462 5347 537 5420 quod
550 5346 652 5422 bingae
665 5351 781 5406 dobeo:
796 5351 864 5419 Quis
874 5360 917 5409 est
929 5361 1046 5426 emptor,
1055 5353 1092 5410 de
1103 5370 1159 5427 quo

367 5440 508 5515 bunensi

401 5536 491 5591 deror
501 5532 552 5590 net
566 5533 645 5592 :uec
657 5534 721 5591 lieet
735 5536 801 5592 mibi
815 5545 940 5594 sanctum
952 5537 1018 5594 dare
1032 5538 1157 5606 canibus,

368 5643 420 5685 nec
435 5628 601 5699 margaritas
612 5645 740 5701 spargere
751 5637 814 5686 aute
830 5645 928 5703 porcos
940 5629 1049 5701 (Matri.
1061 5637 1121 5694 ιιι).

401 5718 454 5775 Ceti
470 5716 573 5790 bugsa
585 5721 703 5776 dolosa:
719 5719 747 5776 Si
772 5738 827 5778 nou
852 5731 964 5794 propter
984 5739 1038 5790 tue,
1063 5726 1159 5779 saltem

368 5812 563 5885 panaetius
580 5814 677 5883 paride,
687 5814 752 5884 quid
768 5814 882 5873 dixeris.

1210 4982 1237 5037 bi
1255 4982 1412 5052 iudicantur
1426 4980 1530 5045 acrius,
1541 4980 1588 5050 orvi
1602 4987 1798 5050 exspectantur
1811 4978 1926 5033 diutins.
1940 4976 1999 5049 lpse

1209 5074 1320 5144 quidem
1334 5073 1407 5127 onrui
1420 5072 1485 5126 bora
1500 5111 1508 5135 ,
1525 5072 1733 5142 omnitempore
1747 5080 1857 5141 paratos
1870 5084 1922 5124 nos
1936 5084 1999 5125 esse

1210 5163 1366 5233 cultuboni
1382 5177 1454 5224 sero,
1470 5161 1559 5217 media
1577 5171 1667 5227 nocte,
1682 5161 1744 5233 galli
1761 5170 1854 5221 catatu.
1877 5168 1903 5216 et
1919 5175 1999 5215 mane

1210 5258 1243 5312 de
1257 5256 1414 5313 babitaculo
1427 5255 1521 5312 cauus
1531 5255 1649 5310 animaru
1665 5256 1773 5316 evellit,
1793 5252 1867 5325 orrod
1881 5254 1999 5309 diversis

1209 5349 1337 5403 natatibus
1351 5349 1461 5403 evenire
1474 5347 1595 5401 lrnmauo
1609 5346 1702 5417 generi
1714 5346 1860 5417 diligenter
1872 5344 2000 5401 conside-

1211 5457 1276 5496 rarus
1290 5441 1441 5512 cognoscit.
1458 5438 1537 5506 Quod
1551 5454 1616 5495 vero
1631 5440 1701 5495 dieis
1717 5440 1860 5495 undecima
1876 5439 1943 5494 bora
1956 5439 1999 5493 vi-

1211 5549 1289 5589 neam
1301 5534 1441 5605 ingressos
1455 5533 1568 5588 denario
1582 5547 1636 5588 uon
1649 5530 1784 5596 lraudari,
1799 5546 1927 5602 magnum
1939 5531 2001 5601 qui·

1210 5626 1271 5682 dem
1286 5626 1413 5682 solatium
1429 5626 1495 5682 mibi
1519 5631 1601 5681 esset.
1619 5622 1671 5679 Sed
1687 5624 1741 5679 hoc
1768 5624 1835 5681 mibi
1862 5632 1998 5680 terrorem

1210 5718 1321 5784 incutit,
1335 5719 1407 5789 quod
1424 5734 1531 5791 ignoro,
1546 5717 1569 5773 si
1586 5725 1692 5772 tantum
1708 5717 1776 5773 milri
1800 5717 1918 5789 spatium
1932 5730 2001 5771 con-

1211 5811 1336 5874 cedatur,
1351 5821 1380 5866 ut
1404 5827 1491 5883 usque
1506 5812 1538 5867 arl
1552 5809 1694 5881 praelatam
1716 5811 1812 5865 bovam
1830 5808 2001 5882 perueniant.
2104 5831 2107 5838 ·

402 5901 445 5960 bd
456 5902 530 5976 qaod
543 5903 626 5959 deror
637 5904 687 5961 Dei
700 5921 709 5959 .·
720 5904 788 5962 Cum
801 5906 874 5964 nevis
887 5923 964 5965 meus
978 5916 1088 5980 pmpter
1103 5926 1162 5980 per·
1211 5902 1262 5969 Qui
1278 5903 1350 5958 enim
1364 5903 1505 5972 poeuiteoti
1515 5900 1712 5973 indulgentiam
1720 5900 1856 5972 promisit,
1869 5898 2002 5956 dissimu-

369 5993 454 6052 tuan
476 5993 587 6060 iudane
611 5995 723 6052 Petrum
747 6003 774 6053 et
799 5998 870 6053 alios
895 5998 1035 6070 apostolos
1056 5999 1159 6056 salubri

368 6087 561 6146 exhortatione
571 6102 626 6144 non
638 6087 814 6158 fraudaverit,
835 6092 862 6147 lo
876 6091 929 6149 hoc
944 6092 992 6150 tibi
1008 6092 1160 6152 courseutio.

401 6177 510 6253 blegne
520 6177 637 6238 dolosa:
654 6178 702 6236 llic
713 6196 787 6255 ergo.

1212 5996 1276 6049 lauti
1293 5996 1445 6050 erastinum
1462 5994 1533 6049 diem
1549 6009 1602 6049 non
1627 5992 1785 6065 spopondit.
1795 5991 1852 6047 Cur
1866 6005 1921 6046 non
1932 6004 2001 6045 eon·

1212 6088 1319 6146 sideras
1332 6103 1391 6152 eos,
1407 6088 1454 6159 gui
1465 6086 1554 6142 vocati
1569 6096 1635 6142 suut
1650 6099 1739 6147 mane,
1755 6097 1811 6138 uon
1825 6088 2001 6154 exspectasse

1214 6193 1302 6253 usqrre
1317 6178 1351 6235 ad
1367 6181 1487 6246 tertiam,
1509 6186 1537 6233 et
1552 6180 1664 6235 locatos
1682 6176 1710 6231 in
1734 6173 1815 6230 tertia
1831 6187 1886 6230 nou
1900 6184 2001 6241 caspe·
