5125 7059
352 696 403 753 tit
1066 693 1277 752 cunostcos.
1928 699 1982 754 lli

353 817 528 885 Temporibus
560 832 645 886 roone
665 816 845 871 Valentiniani
858 817 1039 871 Athanaricus
1060 834 1107 871 rea
1129 817 1275 872 iiotlrortnn
1299 813 1469 871 Christianos
1488 824 1643 881 persecutns
1660 820 1710 866 est.
1729 810 1884 875 Eunonriss,
1900 814 1983 868 disci·

350 889 432 957 palas
449 887 518 945 Arii.
533 833 612 956 Aqdent
624 888 798 957 intpttpaaeit.
812 889 881 942 sicut
897 898 922 943 et
941 888 1105 957 Apollinaris
1126 887 1301 948 Laodicenos,
1316 887 1372 952 orti,
1387 893 1440 939 cte.
1461 882 1525 938 Haec
1541 899 1556 937 a
1571 894 1692 937 tutorem
1715 882 1817 938 babere
1837 881 1980 940 Sicardum

352 959 582 1018 Cremonensem.
597 958 674 1014 testis
691 967 734 1012 est
748 957 814 1013 mibi
836 957 957 1027 locuples
978 958 1101 1013 Andreas
1123 957 1263 1013 baidulus
1275 957 1301 1010 iu
1314 955 1464 1016 Chronico,
1486 953 1535 1008 lib.
1550 970 1586 1014 ιι.
1600 969 1662 1020 cap.
1683 952 1726 1018 lb,
1742 952 1775 1007 ad
1794 968 1896 1008 atinum
1915 954 1978 1019 568,

353 1028 400 1082 ubi
416 1028 474 1082 brec
488 1029 617 1094 leprtmnr
631 1047 638 1083 :
653 1027 724 1082 Dicit
738 1039 825 1083 autent
840 1026 968 1084 Sirardas
982 1028 1196 1098 episcopusquod
1210 1027 1388 1111 Aquileienses
1406 1025 1496 1079 cleriei
1512 1024 1560 1077 lroo
1574 1035 1689 1092 ternpore
1706 1024 1784 1092 quasi
1805 1023 1900 1078 odorus
1916 1042 1980 1079 son·

353 1110 459 1152 ctorem
480 1097 655 1154 deiciantur.
669 1098 772 1155 b'erum
786 1115 847 1169 qliae
861 1099 967 1154 Sicardi
983 1101 1038 1154 siat
1053 1101 1080 1152 in
1093 1113 1127 1153 eo
1141 1098 1291 1161 Cliromce,
1304 1111 1399 1166 cruere
1413 1096 1530 1151 aliorum
1546 1095 1722 1164 scriptorum,
1744 1103 1803 1149 tutu
1823 1096 1981 1152 discernere

352 1185 446 1228 nemo.
461 1178 488 1222 nt
505 1183 617 1233 censeo,
632 1170 734 1240 poesie
752 1186 783 1225 ac
800 1182 943 1239 prepterea
963 1172 997 1225 ab
1018 1171 1053 1225 ils
1075 1169 1187 1224 odendis
1213 1168 1367 1237 sirpersedl.
1382 1166 1451 1221 Cum
1472 1179 1537 1220 rere
1551 1166 1585 1218 ad
1610 1164 1701 1219 Caroli
1725 1164 1814 1233 Mapni
1835 1166 1980 1224 imperium

354 1239 463 1293 sicardi
489 1237 610 1296 Historia
633 1242 726 1301 venit.
751 1251 817 1297 tunc
831 1240 1052 1295 Vinrleboueusls
1067 1239 1200 1295 Cesarea
1212 1239 1386 1295 bibliothecae
1398 1236 1491 1292 codiee
1511 1237 1550 1291 uti
1573 1235 1690 1304 incipio,
1706 1235 1842 1305 simulque
1860 1234 1980 1301 Esterrsi,

353 1310 391 1364 ita
408 1318 439 1363 ut
453 1324 515 1375 otim
528 1309 605 1378 plius
620 1310 703 1365 babet
717 1312 761 1367 bie
776 1322 878 1374 noster.
902 1327 972 1380 ponc
987 1311 1143 1378 subjiciam,
1166 1311 1212 1367 sed
1238 1324 1349 1378 semper
1374 1308 1495 1362 iudicato
1512 1308 1647 1361 alterutro
1661 1306 1766 1368 codice.
1784 1308 1855 1361 utrde
1871 1316 1980 1375 sumpta

352 1381 390 1434 sit
407 1380 540 1434 narratio.
556 1379 624 1445 Qum
635 1397 701 1435 roro
714 1383 806 1452 exigui
823 1383 953 1437 momenti
967 1382 1100 1435 rariamia
1113 1391 1189 1446 sum,
1203 1380 1319 1436 subdam
1331 1382 1364 1434 ad
1377 1379 1466 1433 instar
1478 1387 1617 1434 nutarunt.
1643 1375 1699 1433 liae
1722 1377 1829 1432 ratioue
1848 1376 1981 1449 quidquid

351 1449 431 1521 patui
448 1450 482 1504 de
500 1448 607 1505 Sicanii
622 1452 746 1520 reliquiis
759 1453 899 1523 colligere,
915 1452 967 1508 erit
986 1454 1013 1507 in
1028 1461 1168 1522 posterum
1182 1451 1298 1507 erudita.
1311 1449 1385 1520 penti
1401 1449 1436 1504 ad
1450 1464 1557 1504 marrus.

390 1518 537 1588 lleiiquum
552 1528 596 1576 cst
618 1529 647 1574 ιιι
663 1537 738 1578 nunc
755 1523 788 1577 dc
806 1525 859 1579 boc
875 1523 935 1594 ipso
950 1521 1056 1578 Sicardi
1072 1521 1165 1577 ialtorc
1177 1522 1242 1592 quid
1256 1536 1308 1590 epo
1324 1519 1441 1577 sentiam
1454 1528 1536 1590 etoile
1552 1516 1726 1574 sentiendum
1741 1517 1872 1588 judicem.
1890 1518 1982 1574 studio

353 1589 431 1644 omrd
446 1590 582 1658 deposito,
600 1591 717 1650 edicam.
735 1592 802 1659 Quae
820 1593 867 1648 iiie
890 1594 1028 1663 congessit
1046 1607 1135 1661 usone
1151 1593 1185 1648 ad
1210 1602 1333 1660 tempera
1352 1589 1444 1645 Caroli
1461 1589 1569 1660 ilagni,
1585 1589 1696 1644 medico
1719 1590 1781 1644 usui
1804 1589 1895 1643 littura
1917 1602 1983 1644 sunt

351 1658 473 1715 ernditis
486 1660 520 1715 iis
535 1661 638 1730 quibus
658 1678 734 1720 curae
747 1673 788 1719 est
811 1680 827 1719 a
851 1663 985 1729 lontibus,
1008 1679 1063 1718 nou
1085 1672 1176 1719 autem
1200 1679 1215 1719 a
1237 1661 1345 1723 rirnlis.
1366 1662 1489 1716 tristoriae
1503 1659 1646 1715 ueritatem
1659 1660 1780 1715 baurirc.
1795 1660 1921 1714 Attamen
1943 1659 1981 1714 ist

353 1744 468 1798 arteque
494 1733 628 1787 nonnulla
644 1733 711 1788 milri
726 1733 819 1790 ridere
839 1736 935 1790 ritem
947 1750 1009 1803 quae
1027 1735 1091 1789 alibi
1109 1735 1212 1789 trustra
1229 1733 1385 1803 peroptima,
1406 1731 1555 1800 deperditis
1580 1745 1676 1800 neapo
1696 1740 1759 1786 aitte
1781 1730 1839 1786 lateo
1858 1739 1981 1797 teumera

353 1798 492 1867 bistoriis,
506 1802 608 1869 ortibus
629 1804 674 1858 ille
690 1819 742 1860 suo
756 1814 879 1877 tempore
893 1807 1031 1861 utebatur.
1044 1805 1122 1873 erod
1136 1806 1159 1861 si
1174 1804 1229 1860 illic
1241 1816 1266 1858 te
1277 1802 1358 1857 laedat
1371 1802 1527 1857 sibiliosum
1542 1801 1656 1868 aliquid,
1676 1811 1723 1855 aut
1739 1800 1810 1856 male
1822 1810 1981 1867 consutum,

352 1871 427 1933 orroi
446 1886 571 1928 resecare
595 1888 646 1944 ego
670 1891 756 1931 ausus
776 1892 831 1931 uon
856 1876 978 1939 luerim,
997 1887 1024 1931 tu
1047 1887 1095 1932 aut
1111 1876 1175 1931 illud
1197 1872 1324 1945 Aegiensi
1343 1871 1470 1942 scriptori
1494 1871 1638 1928 Sicardum
1663 1872 1791 1927 sarcienti
1814 1871 1914 1935 tribue,
1934 1881 1983 1927 aut

354 1938 549 2010 Sirardoipsi,
564 1958 623 1998 tero
643 1960 741 2014 parum
761 1945 859 2001 critico
880 1946 999 2015 degenti,
1022 1946 1144 2014 ipnosee.
1167 1945 1235 2000 Nam
1255 1952 1282 1999 et
1303 1943 1348 1998 ille
1363 1944 1390 1997 in
1410 1958 1443 1997 ea
1463 1942 1593 1998 bileteria
1614 1949 1692 2011 parte
1716 1958 1778 2010 cirre
1799 1957 1862 1996 enm
1887 1944 1981 2010 procrd

353 2010 441 2066 dnbio
454 2011 604 2068 Auctorem
622 2016 758 2085 epirosen,
776 2032 830 2071 noir
845 2017 914 2072 satis
925 2017 976 2071 sibi
989 2019 1088 2072 carita
1106 2016 1207 2071 tabulis
1218 2024 1300 2085 atque
1312 2013 1455 2069 erroribus
1470 2013 1624 2084 vulgarium
1637 2013 1881 2082 cluenologormn.
1894 2012 1982 2080 Citieus

353 2081 395 2136 rei
418 2083 574 2151 excerptum
592 2087 695 2152 petenti
721 2086 843 2156 ejusdem
859 2086 950 2143 Caroli
963 2086 1054 2159 biagni
1075 2086 1134 2142 Vita
1159 2087 1254 2143 statim
1289 2093 1435 2148 occurram
1458 2099 1521 2139 eum
1534 2084 1636 2154 orrippe
1650 2081 1783 2136 Sicaialus
1804 2083 1887 2136 tradit
1902 2098 1981 2152 pere·

354 2149 495 2220 priuatum
518 2153 545 2206 ln
566 2152 751 2222 Palaestinam,
774 2167 801 2212 et
825 2173 873 2227 per
894 2157 1038 2213 duodecim
1055 2158 1209 2229 precipuus
1230 2165 1398 2226 pugnatores
1415 2154 1485 2210 bella
1498 2155 1617 2225 gessisse
1637 2156 1698 2208 liras
1712 2151 1841 2206 Palodiui
1861 2154 1982 2222 appella·

354 2229 431 2275 mirsi
447 2222 520 2277 iuter
532 2238 603 2293 quos
616 2224 765 2292 Rotundus,
784 2226 1072 2291 dissertacones
1086 2244 1101 2282 a
1122 2226 1346 2283 Romanensibus
1358 2224 1459 2281 labuiis
1471 2227 1626 2295 desumpta.
1640 2223 1677 2277 lta
1694 2224 1738 2277 iile
1758 2233 1879 2292 truatuor
1901 2225 1981 2280 nobis

352 2291 537 2373 berccparios
553 2294 636 2351 ltaliae
655 2311 734 2358 reses
747 2298 879 2360 obtrudit.
904 2314 986 2368 qrrcm
1008 2315 1130 2354 errorem
1150 2299 1177 2352 in
1203 2297 1322 2352 Historia
1345 2296 1456 2368 plurimi
1478 2296 1594 2351 subinde
1604 2304 1807 2420 gropasaruut.
1831 2294 1883 2348 Scd
1901 2295 1976 2362 quod

353 2363 418 2431 plus
433 2379 544 2428 rtitrere,
559 2367 642 2421 etiam
658 2369 733 2423 dotari
749 2385 807 2424 suae
822 2370 958 2440 hospitem
977 2386 1007 2425 se
1024 2371 1116 2439 prodit
1129 2367 1272 2425 sicardus.
1290 2367 1320 2423 Si
1333 2370 1357 2422 ei
1370 2367 1521 2432 credimus,
1534 2366 1585 2422 sub
1629 2374 1701 2419 tione
1718 2363 1727 2417 Ι
1748 2367 1872 2436 Augusto
1891 2364 1981 2434 bripio

352 2429 493 2488 Cremona
514 2435 566 2504 [uit
580 2440 726 2508 episcopus,
738 2442 783 2510 orti
797 2456 891 2510 corpas
907 2439 977 2494 lenti
998 2439 1118 2510 Hynrerii
1129 2439 1279 2494 transtulit.
1305 2438 1458 2508 imperante
1471 2452 1536 2492 rere
1551 2435 1650 2491 Ottone
1670 2434 1691 2488 ΙΙ
1718 2434 1901 2503 Lintprrmdns
1917 2437 1982 2489 dre·

353 2516 441 2557 erronee
463 2505 516 2573 fuit
535 2509 611 2573 episc.
624 2525 683 2576 pus.
702 2507 755 2564 Sed
772 2511 880 2565 vertiam
896 2511 941 2565 det
953 2510 1084 2566 Sicardtts
1102 2529 1108 2564 :
1126 2527 1159 2566 cx
1179 2524 1235 2565 uno
1250 2510 1382 2577 episcopo
1400 2510 1471 2563 duos
1492 2508 1552 2563 illos
1571 2508 1679 2562 incante
1703 2505 1784 2572 iecit;
1804 2522 1891 2577 ttcrpue
1906 2506 1979 2560 enim

353 2572 513 2654 atbiuzoue-
522 2578 594 2633 alius
604 2589 646 2633 est
660 2577 858 2650 liutprandus,
872 2583 913 2636 uti
926 2582 980 2636 ‘am
994 2582 1040 2636 diu
1053 2591 1126 2637 recte
1139 2581 1285 2637 adnotavit
1298 2579 1440 2649 Ugliellus,
1456 2589 1539 2648 atoue
1552 2592 1604 2646 ego
1626 2579 1652 2630 in
1668 2575 1833 2633 Preiatiorre
1846 2578 1880 2633 ad
1891 2576 1982 2632 Cino-

351 2658 435 2702 tucon
456 2647 586 2728 eiusdem
609 2649 772 2715 tiator-anot
792 2662 858 2707 ιιιιιι.
873 2651 895 2705 u
909 2597 972 2708 lior.
986 2652 1077 2707 italic.
1101 2653 1169 2708 satis
1191 2652 1309 2706 ericisse
1332 2665 1377 2704 me
1392 2658 1459 2718 prrto
1473 2650 1522 2720 (a).
1548 2647 1640 2716 Quare
1662 2648 1717 2716 iam
1739 2650 1875 2721 inteiligas
1897 2663 1981 2717 titiam

351 2717 436 2777 lacile
457 2719 575 2779 rudibus
599 2720 634 2778 iis
655 2722 764 2780 sucidis
780 2724 955 2793 caespitarent
969 2725 1106 2785 historici,
1127 2723 1237 2792 tpuntles
1257 2723 1291 2774 de
1311 2722 1456 2776 ererrtibus
1477 2720 1512 2774 ab
1534 2730 1612 2774 atate
1638 2735 1688 2775 sua
1711 2721 1822 2774 remotis
1845 2735 1889 2775 res
1909 2728 1980 2783 crat,

350 2801 378 2846 ct
394 2808 444 2847 eus
456 2792 622 2848 deficiebant
637 2794 721 2849 ceaeri
735 2795 896 2866 scriptores.
911 2796 1039 2849 Attamen
1053 2809 1115 2864 quae
1133 2795 1268 2848 hacteuus
1284 2792 1375 2849 attrdi.
1394 2792 1462 2845 tribil
1474 2791 1594 2850 obstant.
1610 2791 1761 2859 ‹ptionrinus
1777 2789 1882 2845 Sicardi
1898 2790 1981 2854 letus,

351 2862 415 2918 aliis
440 2863 647 2933 antiquioribus
662 2865 792 2930 additus,
815 2881 897 2920 suum
920 2880 1031 2936 quoque
1053 2864 1212 2934 praesidium
1233 2861 1383 2917 eruditioni
1406 2861 1530 2932 praebere
1551 2863 1657 2931 possit,
1679 2876 1712 2916 ac
1734 2861 1910 2931 potissimum
1936 2861 1982 2914 ubi

350 2933 394 2988 sui
421 2943 468 2989 sut
485 2935 610 3004 proxime
628 2936 761 3004 praeteriti
776 2938 908 3007 tenrporis
923 2947 984 2992 acta
995 2945 1118 2992 enarrat.
1138 2936 1166 2990 Si
1189 2951 1244 2990 non
1259 2937 1313 2990 alia
1332 2936 1422 3003 ipsum
1445 2933 1525 2988 nobis
1539 2933 1762 2987 commendarent
1775 2932 1982 2996 (contruendam

350 3013 444 3058 autem
477 3005 566 3076 plura)
594 3007 645 3060 irco
676 3006 761 3062 unuin
789 3008 850 3078 ejus
878 3008 1007 3074 laudem,
1032 3017 1060 3062 et
1087 3006 1197 3077 uiridem
1227 3022 1282 3060 nou
1311 3005 1467 3070 exiguam,
1493 3013 1612 3058 statuere
1645 3013 1736 3072 queat.
1758 3002 1880 3074 Elegauti
1909 3004 1982 3057 enirn

350 3090 481 3130 sernrone
497 3091 580 3145 supra
596 3078 690 3131 sacculi
704 3077 747 3132 sui
767 3094 872 3133 morem
887 3078 999 3148 singula
1014 3076 1163 3143 describit,
1186 3085 1269 3145 atque
1288 3076 1324 3130 ita
1345 3073 1502 3130 triderieit
1521 3074 1636 3141 Augusti
1653 3074 1854 3142 expeditionem
1873 3083 1983 3144 postre-

350 3160 425 3199 mam
451 3145 479 3199 iu
501 3146 663 3209 Orientem,
686 3156 714 3202 ct
733 3149 881 3203 stiltsecuta
904 3149 1159 3218 crucesignatorum
1176 3157 1252 3219 gesta
1277 3147 1313 3200 eb
1335 3147 1432 3201 oeulos
1454 3145 1549 3216 pouit.
1574 3155 1604 3199 ut
1629 3145 1768 3209 sortasse,
1791 3145 1864 3213 quod
1887 3144 1983 3198 estad

350 3229 397 3269 res
420 3229 520 3270 eorum
550 3225 705 3286 temporum
731 3218 906 3285 orientales,
935 3220 1082 3290 plerosque
1102 3219 1172 3274 alios
1195 3218 1347 3289 scriptores
1370 3227 1434 3287 post
1455 3232 1484 3272 se
1506 3218 1654 3285 retirnprat.
1677 3213 1764 3280 Adde,
1787 3214 1923 3268 uentiuem
1946 3229 1981 3267 ex

349 3286 459 3341 nostris
482 3295 525 3343 tot
543 3289 622 3343 nobis
636 3299 705 3358 qttot
727 3287 858 3346 Sic-ardus
875 3301 1054 3345 monumenta
1077 3289 1224 3360 reliquisse
1237 3290 1271 3344 de
1288 3289 1389 3359 inclyta
1408 3286 1538 3359 progenie
1554 3286 1744 3340 nrarcldonum
1771 3284 1982 3352 bloutisierrati,

349 3370 508 3427 eorumque
528 3359 668 3426 praeclaris
689 3359 716 3413 iu
737 3357 848 3416 Oriente
869 3363 962 3431 gestis.
981 3361 1073 3430 Atque
1094 3361 1161 3415 bino
1184 3369 1299 3414 osteor
1325 3359 1432 3412 doleam
1451 3358 1524 3428 quod
1543 3356 1683 3412 utilissimi
1696 3356 1839 3425 scriptoris
1853 3355 1981 3410 tricubra·
2040 3408 2042 3411 ,

351 3425 445 3481 borres
466 3427 574 3497 aliquot
588 3431 645 3497 jani
658 3430 821 3496 exciderint,
839 3447 928 3502 neque
940 3446 1036 3490 omncs
1054 3432 1171 3487 educere
1191 3431 1219 3484 in
1239 3431 1363 3485 oninium
1379 3436 1556 3500 conspectum
1577 3442 1688 3497 meant.
1703 3425 1731 3479 lu
1755 3429 1798 3480 bis
1821 3427 1903 3481 etiam
1920 3440 1984 3495 oute

351 3511 429 3551 nrrnc
451 3506 611 3568 prodeunt,
634 3509 773 3568 optassem
790 3511 820 3556 ut
834 3503 1038 3557 emendatiores
1055 3503 1166 3557 codices
1183 3501 1251 3556 milri
1275 3510 1377 3570 praesto
1396 3500 1534 3565 luisseut;
1556 3499 1698 3553 altrrndant
1719 3497 1793 3550 euim
1816 3497 1919 3551 sitiatis
1942 3496 1984 3550 le·

351 3567 496 3648 odonibus
513 3577 568 3623 tam
591 3571 735 3626 dearces
751 3570 974 3628 vindobonensis
996 3588 1079 3642 quam
1100 3572 1235 3628 Estensis.
1256 3570 1445 3641 &donando
1463 3585 1515 3624 uec
1535 3570 1634 3639 plura,
1654 3582 1704 3624 uec
1720 3567 1834 3623 meliora
1851 3568 1983 3622 exbibete

349 3635 435 3703 iicet,
463 3639 516 3694 erit
539 3640 649 3696 bonesti
670 3641 796 3697 Lectoris
818 3643 877 3699 baeo
898 3659 961 3714 quae
982 3642 1051 3699 dare
1073 3658 1208 3714 possum,
1233 3641 1341 3697 sibiae
1368 3642 1454 3712 aliis,
1468 3640 1602 3695 bonarum
1635 3639 1789 3694 litterarum
1812 3637 1984 3694 auratoribus

348 3707 498 3778 gratulari,
517 3709 586 3764 mibi
602 3724 667 3766 vero
683 3711 710 3764 iu
729 3711 844 3783 reliquis
860 3715 1016 3785 proniorem
1031 3714 1170 3770 fortunam
1186 3715 1304 3783 precari.

386 3845 427 3915 lii)
443 3843 511 3903 vide
523 3845 690 3918 Potroloqite
702 3859 770 3906 tom.
783 3850 927 3917 cxxxii,
940 3851 993 3907 cul.
1008 3850 1070 3905 783.

745 4152 1061 4286 SIGARDI
1098 4151 1574 4285 CHRONICON.

350 4551 390 4607 De
405 4547 553 4607 Ptolemaeo
568 4549 709 4622 distrusio,
721 4559 745 4604 et
757 4549 789 4604 de
801 4548 890 4620 pestis.
902 4564 961 4618 auc
976 4550 1082 4619 [amnt
1092 4569 1141 4607 ero
1155 4557 1179 4616 Δ
1194 4566 1257 4607 mos
1271 4551 1420 4622 imperator
1431 4559 1473 4606 est
1492 4549 1654 4621 appellatus.
1670 4548 1744 4605 Alter
1758 4547 1890 4605 Lucullus
1904 4558 1983 4621 capta

386 4630 513 4690 liminii·
523 4631 549 4676 θ’
559 4621 592 4677 ‘¹⁶
601 4621 664 4676 “¹⁵5⁸
676 4620 829 4686 baf‘mib‘b
840 4630 865 4674 θ’
878 4621 958 4691 9²⁸¹?⁸
973 4619 1105 4692 minii·
1116 4631 1141 4677 θ’
1194 4638 1261 4705 bile,
1274 4651 1303 4697 et
1314 4642 1420 4697 ceteris
1432 4640 1547 4695 urbibus
1560 4641 1594 4696 de
1604 4638 1691 4696 desis
1706 4640 1885 4706 triumphavit
1897 4655 1984 4711 ireque

385 4692 419 4748 ἡ
433 4701 518 4746 '⁸⁰¹⁸‘
530 4693 596 4748 m
616 4692 751 4764 ΜΡΝ
1193 4734 1227 4789 ad
1241 4731 1409 4801 Danubium,
1425 4736 1501 4788 etde
1516 4730 1639 4805 prologis
1656 4733 1683 4787 in
1701 4731 1864 4803 llltodopaeis
1883 4732 1984 4787 monti·

383 4829 550 4885 Ptolomeus
575 4828 720 4901 lliouysius
749 4828 822 4899 apud
845 4827 991 4902 AEgyptum
1017 4831 1143 4901 regnavit
1193 4829 1284 4883 buset
1307 4828 1401 4883 multis
1413 4827 1485 4883 aliis.
1498 4825 1631 4883 eentecto
1646 4828 1717 4883 bello
1734 4826 1920 4892 Macedonico,
1932 4824 1982 4880 ad·

349 4922 431 4978 annis
447 4937 512 4984 aas.
528 4921 606 4992 Apud
629 4919 737 4977 tudaeos
751 4919 916 4987 Alexandra,
941 4931 1052 4978 mortuo
1071 4923 1141 4988 rire,
1194 4921 1248 4976 buc
1263 4930 1391 4975 manente
1406 4918 1602 4988 Mithridatico,
1616 4906 1752 4976 Creticum
1769 4927 1922 4989 reparatur,
1948 4918 1981 4973 ad

349 5012 477 5083 regnarit
493 5027 540 5065 au.
556 5028 599 5078 ιιι,
615 5027 676 5082 quie
691 5012 901 5084 primogenitum
928 5010 1078 5069 Hircanum
1098 5013 1144 5070 de·
1194 5015 1267 5084 quod
1286 5013 1411 5070 Metellus
1425 5014 1527 5070 missus
1541 5015 1613 5085 cepit
1628 5014 1783 5069 unircrsam
1797 5011 1982 5076 Provinciam,

350 5102 468 5159 ciararit
489 5104 658 5173 pontitlcem.
678 5102 861 5174 Tenrporibus
885 5103 1008 5178 Dionysii
1022 5116 1082 5162 orta
1100 5116 1143 5162 est
1193 5108 1266 5164 uude
1284 5107 1409 5165 Creticus
1424 5119 1467 5164 est
1482 5110 1644 5178 appellatus.
1662 5107 1710 5164 llis
1727 5107 1896 5177 temporibus
1909 5105 1982 5160 blar-

350 5194 466 5252 baeresit
480 5192 695 5251 eiartcaeorum.
719 5194 797 5266 Apud
812 5195 952 5253 liomanos
971 5197 1141 5254 Albanorum
1193 5217 1243 5257 cus
1259 5200 1375 5258 Pontius
1389 5202 1457 5258 Cato
1478 5202 1587 5260 Stoicus
1613 5201 1794 5274 philosophus
1812 5201 1981 5273 aprroscitur.

349 5289 543 5358 ciritssmpts
562 5289 761 5346 estocemione
783 5290 873 5347 uirilis
897 5291 1016 5357 bellici
1040 5290 1141 5347 bellum
1193 5292 1329 5360 Dciuucta
1353 5294 1662 5352 Alexandrallireanus
1682 5295 1755 5349 tilius
1779 5292 1928 5349 Alexandri
1957 5301 1984 5348 et

349 5382 535 5454 gladiatorum
546 5379 599 5436 iuit
612 5381 639 5436 iu
653 5381 815 5453 Campania.
830 5382 896 5440 Post
909 5383 968 5439 bec
980 5399 1050 5440 nors
1071 5385 1142 5441 belis
1193 5386 1355 5444 Alexandrea
1366 5388 1436 5444 sedit
1447 5388 1475 5444 iu
1490 5391 1554 5445 sede
1566 5386 1716 5461 pontificali
1730 5386 1802 5457 apud
1813 5385 1924 5443 ludaeos
1937 5401 1985 5440 an·

349 5487 524 5548 consurgunt
538 5475 565 5532 in
581 5474 724 5549 Hispania,
735 5479 762 5533 io
775 5477 1141 5551 Pamphilia.inbiaeedouis
1193 5480 1342 5547 nisxrsrr,
1357 5497 1439 5551 quem
1464 5482 1579 5537 multum
1594 5489 1755 5553 persecutus
1771 5488 1814 5535 cst
1836 5477 1985 5534 Aristobu-

349 5579 377 5625 et
389 5571 417 5625 in
434 5567 569 5625 Dalmatia
584 5570 637 5625 :de
651 5571 780 5627 omnibus
792 5571 1029 5642 triumphaverunt
1041 5573 1142 5631 Ronra-
1193 5571 1237 5626 lus
1251 5571 1336 5629 irater
1347 5573 1417 5644 ejus.
1445 5572 1498 5629 Sed
1518 5583 1583 5630 tunc
1605 5572 1716 5628 bircani
1731 5570 1909 5628 consiliarius
1925 5579 1985 5626 erst

349 5662 389 5719 ni.
416 5660 582 5719 Nicomedes
600 5679 650 5720 rex
675 5662 808 5735 Bithyniae
832 5666 963 5737 populum
987 5666 1140 5723 Romanum
1194 5661 1340 5733 Antipater
1353 5662 1504 5730 idumaeos,
1519 5664 1599 5733 cujus
1613 5665 1729 5720 consilio
1754 5663 1824 5736 iuglt
1847 5662 1983 5718 llircanus

349 5753 488 5809 Ιιειιιᾱιιιι
502 5753 631 5810 instituit.
647 5753 779 5811 Lucullus
796 5755 980 5813 blitbridatem
996 5760 1086 5814 ritum
1100 5758 1142 5813 ia·
1194 5755 1348 5810 adAretam
1360 5771 1451 5827 regem
1470 5755 1602 5820 Arabum,
1617 5757 1665 5826 qui
1680 5757 1754 5811 teuit
1766 5755 1795 5811 iit
1806 5754 1940 5821 ludaeis,
1955 5762 1984 5809 et

349 5845 516 5912 seuientem,
531 5845 692 5920 Byzantium
723 5864 784 5919 quae
802 5864 876 5904 nuno
891 5859 934 5905 est
946 5848 1141 5905 Constantino-
1195 5849 1302 5904 obsedit
1318 5846 1500 5906 Hierusalem.
1515 5849 1637 5906 Audiens
1652 5848 1809 5921 Pompeius,
1823 5849 1871 5921 out
1881 5855 1941 5904 erat
1952 5845 1981 5902 in

348 5936 432 6006 polis,
450 5935 554 6008 fugarit
564 5946 591 5993 et
606 5938 753 6009 oppressit.
766 5938 870 5994 lateres
880 5955 982 5995 uorum
998 5939 1098 5995 bellum
1112 5939 1140 5994 in
1158 5917 1179 5973 Β
1195 5943 1335 6010 Armenia,
1351 5940 1553 5999 dissensionem
1569 5942 1695 6007 fratrum,
1718 5944 1868 6000 ascendens
1885 5940 1981 5997 Hieru-

349 6026 428 6087 ltslis
440 6030 541 6096 oritur.
557 6046 614 6087 non
631 6031 719 6088 letius
732 6033 803 6088 bello
814 6066 817 6070 -
827 6033 980 6090 Annibalis.
998 6031 1138 6098 Lucullus.
1194 6037 1291 6102 salem,
1302 6036 1374 6107 cepit
1389 6053 1461 6104 eam,
1475 6047 1503 6094 et
1513 6038 1643 6109 templum
1661 6035 1825 6106 profanavit,
1839 6047 1866 6093 et
1880 6051 1979 6109 equos,

350 6123 424 6180 ricta
436 6125 575 6193 Armenia,
586 6122 832 6196 etbiesopotamis,
846 6134 872 6183 et
885 6124 972 6183 Nisibi
986 6135 1064 6199 capta
1083 6126 1140 6198 pri·
1193 6137 1223 6184 ut
1243 6129 1355 6196 dicitur,
1379 6128 1407 6184 in
1423 6129 1573 6199 porticibus
1588 6127 1750 6186 stabulavit:
1769 6128 1804 6185 ob
1822 6145 1903 6201 quam
1920 6144 1978 6184 rem
