<?xml version="1.0" encoding="UTF-8"?>
<!DOCTYPE html PUBLIC "-//W3C//DTD XHTML 1.0 Transitional//EN"
    "http://www.w3.org/TR/xhtml1/DTD/xhtml1-transitional.dtd">
<html xmlns="http://www.w3.org/1999/xhtml" xml:lang="en" lang="en">
 <head>
  <title>
</title>
<meta http-equiv="Content-Type" content="text/html;charset=utf-8" />
  <meta name='ocr-system' content='tesseract 3.04.00' />
  <meta name='ocr-capabilities' content='ocr_page ocr_carea ocr_par ocr_line ocrx_word'/>
</head>
<body>
  <div class='ocr_page' id='page_1' title='image "./mitralesivedeof00petrgoog/mitralesivedeof00petrgoog_0233.png"; bbox 0 0 5125 7059; ppageno 0'>
   <div class='ocr_carea' id='block_1_1' title="bbox 361 700 1990 763">
    <p class='ocr_par' dir='ltr' id='par_1_1' title="bbox 361 700 1990 763">
     <span class='ocr_line' id='line_1_1' title="bbox 361 700 1990 763; baseline 0.001 -3"><span class='ocrx_word' id='word_1_1' title='bbox 361 705 415 763; x_wconf 67' lang='grc' dir='ltr'>ιΙιδ</span> <span class='ocrx_word' id='word_1_2' title='bbox 1068 700 1279 759; x_wconf 69' lang='lat' dir='ltr'>turonicos.</span> <span class='ocrx_word' id='word_1_3' title='bbox 1936 703 1990 763; x_wconf 64' lang='lat' dir='ltr'>lib</span> 
     </span>
    </p>
   </div>
   <div class='ocr_carea' id='block_1_2' title="bbox 350 815 1991 4967">
    <p class='ocr_par' dir='ltr' id='par_1_2' title="bbox 352 815 1991 4689">
     <span class='ocr_line' id='line_1_2' title="bbox 359 815 1991 888; baseline -0.001 -16"><span class='ocrx_word' id='word_1_4' title='bbox 359 819 453 873; x_wconf 72' lang='lat' dir='ltr'>Cesar</span> <span class='ocrx_word' id='word_1_5' title='bbox 463 832 543 872; x_wconf 86' lang='lat' dir='ltr'>suurn</span> <span class='ocrx_word' id='word_1_6' title='bbox 551 815 626 873; x_wconf 86' lang='lat' dir='ltr'>dedit</span> <span class='ocrx_word' id='word_1_7' title='bbox 634 830 746 884; x_wconf 87' lang='lat' dir='ltr'>nomen,</span> <span class='ocrx_word' id='word_1_8' title='bbox 758 817 976 873; x_wconf 82' lang='lat' dir='ltr'>etlraereditatem</span> <span class='ocrx_word' id='word_1_9' title='bbox 985 825 1150 874; x_wconf 89' lang='lat' dir='ltr'>testamento</span> <span class='ocrx_word' id='word_1_10' title='bbox 1163 824 1185 879; x_wconf 81' lang='lat' dir='ltr'>A</span> <span class='ocrx_word' id='word_1_11' title='bbox 1199 817 1288 872; x_wconf 75' lang='lat' dir='ltr'>dorin</span> <span class='ocrx_word' id='word_1_12' title='bbox 1300 826 1434 887; x_wconf 88' lang='lat' dir='ltr'>tempora,</span> <span class='ocrx_word' id='word_1_13' title='bbox 1452 833 1514 888; x_wconf 76' lang='lat' dir='ltr'>quae</span> <span class='ocrx_word' id='word_1_14' title='bbox 1537 829 1647 873; x_wconf 82' lang='lat' dir='ltr'>mortno</span> <span class='ocrx_word' id='word_1_15' title='bbox 1658 817 1719 886; x_wconf 83' lang='lat' dir='ltr'>ejus</span> <span class='ocrx_word' id='word_1_16' title='bbox 1745 816 1844 871; x_wconf 84' lang='lat' dir='ltr'>rrrarito</span> <span class='ocrx_word' id='word_1_17' title='bbox 1858 815 1991 872; x_wconf 83' lang='lat' dir='ltr'>remansit</span> 
     </span>
     <span class='ocr_line' id='line_1_3' title="bbox 360 906 1991 979; baseline 0.001 -18"><span class='ocrx_word' id='word_1_18' title='bbox 360 909 484 978; x_wconf 83' lang='lat' dir='ltr'>reliquit.</span> <span class='ocrx_word' id='word_1_19' title='bbox 496 906 580 979; x_wconf 78' lang='lat' dir='ltr'>Igitur</span> <span class='ocrx_word' id='word_1_20' title='bbox 595 907 622 962; x_wconf 85' lang='lat' dir='ltr'>lri</span> <span class='ocrx_word' id='word_1_21' title='bbox 641 906 756 978; x_wconf 87' lang='lat' dir='ltr'>proiecti</span> <span class='ocrx_word' id='word_1_22' title='bbox 771 917 868 963; x_wconf 85' lang='lat' dir='ltr'>contra</span> <span class='ocrx_word' id='word_1_23' title='bbox 885 908 1047 973; x_wconf 90' lang='lat' dir='ltr'>Antonium,</span> <span class='ocrx_word' id='word_1_24' title='bbox 1071 909 1150 978; x_wconf 83' lang='lat' dir='ltr'>jutta</span> <span class='ocrx_word' id='word_1_25' title='bbox 1201 925 1263 965; x_wconf 90' lang='lat' dir='ltr'>eum</span> <span class='ocrx_word' id='word_1_26' title='bbox 1281 909 1338 964; x_wconf 89' lang='lat' dir='ltr'>illio</span> <span class='ocrx_word' id='word_1_27' title='bbox 1349 925 1400 965; x_wconf 88' lang='lat' dir='ltr'>suo</span> <span class='ocrx_word' id='word_1_28' title='bbox 1414 908 1571 965; x_wconf 83' lang='lat' dir='ltr'>Theodosio</span> <span class='ocrx_word' id='word_1_29' title='bbox 1590 910 1715 979; x_wconf 84' lang='lat' dir='ltr'>parruln,</span> <span class='ocrx_word' id='word_1_30' title='bbox 1742 924 1803 978; x_wconf 79' lang='lat' dir='ltr'>quae</span> <span class='ocrx_word' id='word_1_31' title='bbox 1818 907 1934 963; x_wconf 81' lang='lat' dir='ltr'>viriliter</span> <span class='ocrx_word' id='word_1_32' title='bbox 1947 924 1991 963; x_wconf 86' lang='lat' dir='ltr'>re·</span> 
     </span>
     <span class='ocr_line' id='line_1_4' title="bbox 359 997 1989 1073; baseline 0.002 -19"><span class='ocrx_word' id='word_1_33' title='bbox 359 999 494 1054; x_wconf 75' lang='lat' dir='ltr'>ilutinaru</span> <span class='ocrx_word' id='word_1_34' title='bbox 507 999 716 1054; x_wconf 80' lang='lat' dir='ltr'>uicerunteum.</span> <span class='ocrx_word' id='word_1_35' title='bbox 733 997 766 1053; x_wconf 81' lang='lat' dir='ltr'>Et</span> <span class='ocrx_word' id='word_1_36' title='bbox 778 1014 842 1054; x_wconf 86' lang='lat' dir='ltr'>ecce</span> <span class='ocrx_word' id='word_1_37' title='bbox 854 1015 952 1055; x_wconf 90' lang='lat' dir='ltr'>rursus</span> <span class='ocrx_word' id='word_1_38' title='bbox 964 999 1148 1055; x_wconf 86' lang='lat' dir='ltr'>ciriliabella.</span> <span class='ocrx_word' id='word_1_39' title='bbox 1201 1002 1282 1073; x_wconf 87' lang='lat' dir='ltr'>gebat</span> <span class='ocrx_word' id='word_1_40' title='bbox 1307 1001 1464 1072; x_wconf 89' lang='lat' dir='ltr'>imperinm,</span> <span class='ocrx_word' id='word_1_41' title='bbox 1481 1018 1513 1056; x_wconf 83' lang='lat' dir='ltr'>ae</span> <span class='ocrx_word' id='word_1_42' title='bbox 1536 1001 1559 1057; x_wconf 89' lang='lat' dir='ltr'>si</span> <span class='ocrx_word' id='word_1_43' title='bbox 1576 1003 1617 1055; x_wconf 85' lang='lat' dir='ltr'>rir</span> <span class='ocrx_word' id='word_1_44' title='bbox 1633 1003 1693 1072; x_wconf 85' lang='lat' dir='ltr'>ejus</span> <span class='ocrx_word' id='word_1_45' title='bbox 1717 1000 1852 1056; x_wconf 87' lang='lat' dir='ltr'>Arcadius</span> <span class='ocrx_word' id='word_1_46' title='bbox 1875 1001 1989 1058; x_wconf 75' lang='lat' dir='ltr'>vireret.</span> 
     </span>
     <span class='ocr_line' id='line_1_5' title="bbox 360 1090 1988 1165; baseline 0.003 -19"><span class='ocrx_word' id='word_1_47' title='bbox 360 1090 415 1146; x_wconf 82' lang='lat' dir='ltr'>Sed</span> <span class='ocrx_word' id='word_1_48' title='bbox 429 1099 492 1162; x_wconf 88' lang='lat' dir='ltr'>post</span> <span class='ocrx_word' id='word_1_49' title='bbox 505 1092 562 1146; x_wconf 90' lang='lat' dir='ltr'>duo</span> <span class='ocrx_word' id='word_1_50' title='bbox 576 1090 705 1146; x_wconf 88' lang='lat' dir='ltr'>consules</span> <span class='ocrx_word' id='word_1_51' title='bbox 717 1092 818 1145; x_wconf 91' lang='lat' dir='ltr'>mortni</span> <span class='ocrx_word' id='word_1_52' title='bbox 832 1099 906 1156; x_wconf 88' lang='lat' dir='ltr'>snnt,</span> <span class='ocrx_word' id='word_1_53' title='bbox 923 1098 950 1145; x_wconf 94' lang='lat' dir='ltr'>et</span> <span class='ocrx_word' id='word_1_54' title='bbox 964 1091 1003 1145; x_wconf 91' lang='lat' dir='ltr'>illi</span> <span class='ocrx_word' id='word_1_55' title='bbox 1013 1092 1150 1148; x_wconf 81' lang='lat' dir='ltr'>exercitus</span> <span class='ocrx_word' id='word_1_56' title='bbox 1201 1093 1263 1149; x_wconf 74' lang='lat' dir='ltr'>liae</span> <span class='ocrx_word' id='word_1_57' title='bbox 1279 1094 1432 1164; x_wconf 69' lang='lat' dir='ltr'><strong>inspirante</strong></span> <span class='ocrx_word' id='word_1_58' title='bbox 1454 1095 1548 1150; x_wconf 85' lang='lat' dir='ltr'>divino</span> <span class='ocrx_word' id='word_1_59' title='bbox 1562 1104 1640 1160; x_wconf 88' lang='lat' dir='ltr'>rnrrn,</span> <span class='ocrx_word' id='word_1_60' title='bbox 1655 1105 1682 1150; x_wconf 91' lang='lat' dir='ltr'>et</span> <span class='ocrx_word' id='word_1_61' title='bbox 1695 1094 1805 1165; x_wconf 88' lang='lat' dir='ltr'>negotio</span> <span class='ocrx_word' id='word_1_62' title='bbox 1819 1095 1988 1165; x_wconf 81' lang='lat' dir='ltr'>reipublicae,</span> 
     </span>
     <span class='ocr_line' id='line_1_6' title="bbox 359 1181 1989 1259; baseline 0.001 -18"><span class='ocrx_word' id='word_1_63' title='bbox 359 1184 464 1241; x_wconf 89' lang='lat' dir='ltr'>Caesari</span> <span class='ocrx_word' id='word_1_64' title='bbox 477 1193 644 1255; x_wconf 85' lang='lat' dir='ltr'>paruerunt;</span> <span class='ocrx_word' id='word_1_65' title='bbox 661 1184 707 1253; x_wconf 93' lang='lat' dir='ltr'>qui</span> <span class='ocrx_word' id='word_1_66' title='bbox 723 1198 785 1238; x_wconf 86' lang='lat' dir='ltr'>eum</span> <span class='ocrx_word' id='word_1_67' title='bbox 798 1181 917 1238; x_wconf 89' lang='lat' dir='ltr'>Antonio</span> <span class='ocrx_word' id='word_1_68' title='bbox 929 1198 1024 1255; x_wconf 89' lang='lat' dir='ltr'>pacem</span> <span class='ocrx_word' id='word_1_69' title='bbox 1037 1182 1111 1248; x_wconf 69' lang='lat' dir='ltr'>imit,</span> <span class='ocrx_word' id='word_1_70' title='bbox 1122 1193 1150 1238; x_wconf 90' lang='lat' dir='ltr'>et</span> <span class='ocrx_word' id='word_1_71' title='bbox 1201 1187 1248 1241; x_wconf 87' lang='lat' dir='ltr'>irit</span> <span class='ocrx_word' id='word_1_72' title='bbox 1260 1186 1489 1259; x_wconf 77' lang='lat' dir='ltr'><strong>Hierosolymam,</strong></span> <span class='ocrx_word' id='word_1_73' title='bbox 1506 1186 1662 1257; x_wconf 83' lang='lat' dir='ltr'>sepulerum</span> <span class='ocrx_word' id='word_1_74' title='bbox 1681 1186 1800 1254; x_wconf 87' lang='lat' dir='ltr'>bomini,</span> <span class='ocrx_word' id='word_1_75' title='bbox 1814 1196 1842 1243; x_wconf 90' lang='lat' dir='ltr'>et</span> <span class='ocrx_word' id='word_1_76' title='bbox 1855 1188 1909 1244; x_wconf 89' lang='lat' dir='ltr'>alia</span> <span class='ocrx_word' id='word_1_77' title='bbox 1923 1204 1989 1244; x_wconf 88' lang='lat' dir='ltr'>san·</span> 
     </span>
     <span class='ocr_line' id='line_1_7' title="bbox 359 1274 1988 1351; baseline 0.001 -17"><span class='ocrx_word' id='word_1_78' title='bbox 359 1295 422 1334; x_wconf 93' lang='lat' dir='ltr'>cum</span> <span class='ocrx_word' id='word_1_79' title='bbox 440 1279 562 1334; x_wconf 77' lang='lat' dir='ltr'>exercitu</span> <span class='ocrx_word' id='word_1_80' title='bbox 578 1285 605 1332; x_wconf 88' lang='lat' dir='ltr'>et</span> <span class='ocrx_word' id='word_1_81' title='bbox 617 1276 738 1331; x_wconf 89' lang='lat' dir='ltr'>Antonio</span> <span class='ocrx_word' id='word_1_82' title='bbox 752 1274 867 1332; x_wconf 82' lang='lat' dir='ltr'>Romam</span> <span class='ocrx_word' id='word_1_83' title='bbox 880 1277 970 1332; x_wconf 88' lang='lat' dir='ltr'>rediit.</span> <span class='ocrx_word' id='word_1_84' title='bbox 983 1275 1050 1331; x_wconf 89' lang='lat' dir='ltr'>item</span> <span class='ocrx_word' id='word_1_85' title='bbox 1072 1276 1150 1331; x_wconf 82' lang='lat' dir='ltr'>Anti·</span> <span class='ocrx_word' id='word_1_86' title='bbox 1200 1280 1306 1336; x_wconf 79' lang='lat' dir='ltr'>cluat-ia</span> <span class='ocrx_word' id='word_1_87' title='bbox 1319 1281 1471 1336; x_wconf 68' lang='lat' dir='ltr'>visitatura.</span> <span class='ocrx_word' id='word_1_88' title='bbox 1500 1279 1572 1336; x_wconf 89' lang='lat' dir='ltr'>lnter</span> <span class='ocrx_word' id='word_1_89' title='bbox 1594 1280 1802 1351; x_wconf 88' lang='lat' dir='ltr'>multanegotia</span> <span class='ocrx_word' id='word_1_90' title='bbox 1830 1280 1988 1350; x_wconf 77' lang='lat' dir='ltr'>reipublice</span> 
     </span>
     <span class='ocr_line' id='line_1_8' title="bbox 359 1368 1988 1441; baseline 0 -16"><span class='ocrx_word' id='word_1_91' title='bbox 359 1382 439 1441; x_wconf 91' lang='lat' dir='ltr'>pater</span> <span class='ocrx_word' id='word_1_92' title='bbox 455 1379 582 1425; x_wconf 86' lang='lat' dir='ltr'>mortuus</span> <span class='ocrx_word' id='word_1_93' title='bbox 598 1378 640 1426; x_wconf 90' lang='lat' dir='ltr'>est</span> <span class='ocrx_word' id='word_1_94' title='bbox 655 1369 933 1425; x_wconf 83' lang='lat' dir='ltr'>bilteudorenenum.</span> <span class='ocrx_word' id='word_1_95' title='bbox 946 1368 1072 1437; x_wconf 84' lang='lat' dir='ltr'>Quatuor</span> <span class='ocrx_word' id='word_1_96' title='bbox 1098 1369 1148 1423; x_wconf 86' lang='lat' dir='ltr'>lra-</span> <span class='ocrx_word' id='word_1_97' title='bbox 1200 1371 1446 1441; x_wconf 79' lang='lat' dir='ltr'>comprovinciales</span> <span class='ocrx_word' id='word_1_98' title='bbox 1475 1372 1633 1427; x_wconf 88' lang='lat' dir='ltr'>detulerunt</span> <span class='ocrx_word' id='word_1_99' title='bbox 1655 1371 1679 1425; x_wconf 93' lang='lat' dir='ltr'>ei</span> <span class='ocrx_word' id='word_1_100' title='bbox 1706 1371 1825 1440; x_wconf 86' lang='lat' dir='ltr'>ingentia</span> <span class='ocrx_word' id='word_1_101' title='bbox 1847 1385 1988 1435; x_wconf 86' lang='lat' dir='ltr'>munera,</span> 
     </span>
     <span class='ocr_line' id='line_1_9' title="bbox 358 1459 1988 1540; baseline 0.003 -21"><span class='ocrx_word' id='word_1_102' title='bbox 358 1464 442 1519; x_wconf 83' lang='lat' dir='ltr'>neum</span> <span class='ocrx_word' id='word_1_103' title='bbox 452 1463 535 1528; x_wconf 86' lang='lat' dir='ltr'>srlios,</span> <span class='ocrx_word' id='word_1_104' title='bbox 548 1461 653 1516; x_wconf 89' lang='lat' dir='ltr'>scilicet</span> <span class='ocrx_word' id='word_1_105' title='bbox 663 1459 817 1516; x_wconf 78' lang='lat' dir='ltr'>Plrasrelnm</span> <span class='ocrx_word' id='word_1_106' title='bbox 830 1470 1035 1533; x_wconf 89' lang='lat' dir='ltr'>procuratorem</span> <span class='ocrx_word' id='word_1_107' title='bbox 1044 1459 1149 1517; x_wconf 81' lang='lat' dir='ltr'>ludaeo-</span> <span class='ocrx_word' id='word_1_108' title='bbox 1200 1467 1270 1522; x_wconf 87' lang='lat' dir='ltr'>inter</span> <span class='ocrx_word' id='word_1_109' title='bbox 1285 1484 1348 1538; x_wconf 81' lang='lat' dir='ltr'>qum</span> <span class='ocrx_word' id='word_1_110' title='bbox 1362 1478 1475 1523; x_wconf 86' lang='lat' dir='ltr'>catenas</span> <span class='ocrx_word' id='word_1_111' title='bbox 1490 1468 1562 1523; x_wconf 87' lang='lat' dir='ltr'>beati</span> <span class='ocrx_word' id='word_1_112' title='bbox 1577 1467 1652 1523; x_wconf 86' lang='lat' dir='ltr'>Petri</span> <span class='ocrx_word' id='word_1_113' title='bbox 1665 1468 1793 1538; x_wconf 89' lang='lat' dir='ltr'>apostoli.</span> <span class='ocrx_word' id='word_1_114' title='bbox 1811 1466 1845 1522; x_wconf 86' lang='lat' dir='ltr'>Et</span> <span class='ocrx_word' id='word_1_115' title='bbox 1859 1470 1988 1540; x_wconf 85' lang='lat' dir='ltr'>cogitarit</span> 
     </span>
     <span class='ocr_line' id='line_1_10' title="bbox 359 1553 1987 1628; baseline 0.001 -17"><span class='ocrx_word' id='word_1_116' title='bbox 359 1571 438 1621; x_wconf 91' lang='lat' dir='ltr'>rum,</span> <span class='ocrx_word' id='word_1_117' title='bbox 458 1555 592 1610; x_wconf 75' lang='lat' dir='ltr'>Herodem</span> <span class='ocrx_word' id='word_1_118' title='bbox 609 1565 814 1623; x_wconf 82' lang='lat' dir='ltr'>procuratorem</span> <span class='ocrx_word' id='word_1_119' title='bbox 836 1553 963 1622; x_wconf 75' lang='lat' dir='ltr'>Galilaeae,</span> <span class='ocrx_word' id='word_1_120' title='bbox 986 1554 1147 1625; x_wconf 87' lang='lat' dir='ltr'>loseplrum‚</span> <span class='ocrx_word' id='word_1_121' title='bbox 1199 1574 1254 1613; x_wconf 92' lang='lat' dir='ltr'>non</span> <span class='ocrx_word' id='word_1_122' title='bbox 1265 1559 1330 1613; x_wconf 90' lang='lat' dir='ltr'>alibi</span> <span class='ocrx_word' id='word_1_123' title='bbox 1344 1575 1392 1614; x_wconf 88' lang='lat' dir='ltr'>eas</span> <span class='ocrx_word' id='word_1_124' title='bbox 1406 1569 1518 1614; x_wconf 89' lang='lat' dir='ltr'>catenas</span> <span class='ocrx_word' id='word_1_125' title='bbox 1534 1560 1610 1628; x_wconf 89' lang='lat' dir='ltr'>poni,</span> <span class='ocrx_word' id='word_1_126' title='bbox 1623 1558 1675 1614; x_wconf 91' lang='lat' dir='ltr'>nisi</span> <span class='ocrx_word' id='word_1_127' title='bbox 1689 1560 1734 1612; x_wconf 88' lang='lat' dir='ltr'>ubi</span> <span class='ocrx_word' id='word_1_128' title='bbox 1750 1559 1823 1613; x_wconf 86' lang='lat' dir='ltr'>beati</span> <span class='ocrx_word' id='word_1_129' title='bbox 1835 1558 1908 1613; x_wconf 87' lang='lat' dir='ltr'>Petri</span> <span class='ocrx_word' id='word_1_130' title='bbox 1923 1575 1987 1615; x_wconf 92' lang='lat' dir='ltr'>cor-</span> 
     </span>
     <span class='ocr_line' id='line_1_11' title="bbox 358 1644 1982 1722; baseline 0.003 -20"><span class='ocrx_word' id='word_1_131' title='bbox 358 1647 521 1714; x_wconf 86' lang='lat' dir='ltr'>Ptreroram,</span> <span class='ocrx_word' id='word_1_132' title='bbox 536 1656 564 1701; x_wconf 87' lang='lat' dir='ltr'>et</span> <span class='ocrx_word' id='word_1_133' title='bbox 578 1646 660 1701; x_wconf 78' lang='lat' dir='ltr'>liliam</span> <span class='ocrx_word' id='word_1_134' title='bbox 678 1645 829 1702; x_wconf 89' lang='lat' dir='ltr'>Salomam.</span> <span class='ocrx_word' id='word_1_135' title='bbox 857 1644 952 1718; x_wconf 89' lang='lat' dir='ltr'>ltaque</span> <span class='ocrx_word' id='word_1_136' title='bbox 966 1647 1067 1702; x_wconf 81' lang='lat' dir='ltr'>reversi</span> <span class='ocrx_word' id='word_1_137' title='bbox 1083 1653 1149 1701; x_wconf 89' lang='lat' dir='ltr'>snut</span> <span class='ocrx_word' id='word_1_138' title='bbox 1198 1666 1251 1722; x_wconf 89' lang='lat' dir='ltr'>pus</span> <span class='ocrx_word' id='word_1_139' title='bbox 1265 1652 1410 1722; x_wconf 87' lang='lat' dir='ltr'>requiescit</span> <span class='ocrx_word' id='word_1_140' title='bbox 1424 1651 1451 1706; x_wconf 92' lang='lat' dir='ltr'>iu</span> <span class='ocrx_word' id='word_1_141' title='bbox 1481 1651 1601 1720; x_wconf 83' lang='lat' dir='ltr'>pulvere.</span> <span class='ocrx_word' id='word_1_142' title='bbox 1617 1650 1736 1706; x_wconf 79' lang='lat' dir='ltr'>Veniens</span> <span class='ocrx_word' id='word_1_143' title='bbox 1748 1660 1840 1706; x_wconf 91' lang='lat' dir='ltr'>autem</span> <span class='ocrx_word' id='word_1_144' title='bbox 1865 1649 1982 1707; x_wconf 84' lang='lat' dir='ltr'>Romam</span> 
     </span>
     <span class='ocr_line' id='line_1_12' title="bbox 357 1736 1988 1816; baseline 0.002 -21"><span class='ocrx_word' id='word_1_145' title='bbox 357 1740 497 1796; x_wconf 89' lang='lat' dir='ltr'>Antonius</span> <span class='ocrx_word' id='word_1_146' title='bbox 509 1750 537 1795; x_wconf 88' lang='lat' dir='ltr'>et</span> <span class='ocrx_word' id='word_1_147' title='bbox 553 1736 730 1794; x_wconf 80' lang='lat' dir='ltr'>Octavianus.</span> <span class='ocrx_word' id='word_1_148' title='bbox 745 1737 859 1794; x_wconf 73' lang='lat' dir='ltr'>buttem</span> <span class='ocrx_word' id='word_1_149' title='bbox 875 1739 992 1795; x_wconf 75' lang='lat' dir='ltr'>Caesaris</span> <span class='ocrx_word' id='word_1_150' title='bbox 1005 1738 1148 1794; x_wconf 72' lang='lat' dir='ltr'>vindicen-</span> <span class='ocrx_word' id='word_1_151' title='bbox 1198 1744 1226 1798; x_wconf 91' lang='lat' dir='ltr'>in</span> <span class='ocrx_word' id='word_1_152' title='bbox 1243 1743 1373 1800; x_wconf 78' lang='lat' dir='ltr'>Kalendis</span> <span class='ocrx_word' id='word_1_153' title='bbox 1397 1745 1514 1816; x_wconf 85' lang='lat' dir='ltr'>Augusti</span> <span class='ocrx_word' id='word_1_154' title='bbox 1531 1744 1598 1798; x_wconf 79' lang='lat' dir='ltr'>sidit</span> <span class='ocrx_word' id='word_1_155' title='bbox 1615 1744 1691 1798; x_wconf 88' lang='lat' dir='ltr'>illurn</span> <span class='ocrx_word' id='word_1_156' title='bbox 1711 1744 1935 1813; x_wconf 88' lang='lat' dir='ltr'>antiquissimum</span> <span class='ocrx_word' id='word_1_157' title='bbox 1950 1743 1988 1799; x_wconf 90' lang='lat' dir='ltr'>ri-</span> 
     </span>
     <span class='ocr_line' id='line_1_13' title="bbox 358 1829 1986 1908; baseline 0.003 -21"><span class='ocrx_word' id='word_1_158' title='bbox 358 1842 411 1897; x_wconf 86' lang='lat' dir='ltr'>tes,</span> <span class='ocrx_word' id='word_1_159' title='bbox 425 1831 586 1887; x_wconf 86' lang='lat' dir='ltr'>occiderunt</span> <span class='ocrx_word' id='word_1_160' title='bbox 599 1830 758 1886; x_wconf 79' lang='lat' dir='ltr'>Ciceronem</span> <span class='ocrx_word' id='word_1_161' title='bbox 778 1840 926 1896; x_wconf 89' lang='lat' dir='ltr'>oratorem,</span> <span class='ocrx_word' id='word_1_162' title='bbox 940 1839 968 1885; x_wconf 91' lang='lat' dir='ltr'>et</span> <span class='ocrx_word' id='word_1_163' title='bbox 983 1829 1085 1885; x_wconf 89' lang='lat' dir='ltr'>multos</span> <span class='ocrx_word' id='word_1_164' title='bbox 1097 1844 1148 1884; x_wconf 81' lang='lat' dir='ltr'>no-</span> <span class='ocrx_word' id='word_1_165' title='bbox 1198 1847 1257 1892; x_wconf 85' lang='lat' dir='ltr'>tum</span> <span class='ocrx_word' id='word_1_166' title='bbox 1271 1837 1436 1908; x_wconf 71' lang='lat' dir='ltr'>paganitatis</span> <span class='ocrx_word' id='word_1_167' title='bbox 1452 1853 1466 1891; x_wconf 88' lang='lat' dir='ltr'>a</span> <span class='ocrx_word' id='word_1_168' title='bbox 1481 1836 1582 1907; x_wconf 94' lang='lat' dir='ltr'>populo</span> <span class='ocrx_word' id='word_1_169' title='bbox 1599 1833 1723 1890; x_wconf 83' lang='lat' dir='ltr'>Rornano</span> <span class='ocrx_word' id='word_1_170' title='bbox 1734 1834 1912 1891; x_wconf 75' lang='lat' dir='ltr'>celeberrime</span> <span class='ocrx_word' id='word_1_171' title='bbox 1926 1835 1986 1890; x_wconf 88' lang='lat' dir='ltr'>lieri</span> 
     </span>
     <span class='ocr_line' id='line_1_14' title="bbox 357 1922 1986 1996; baseline 0.001 -16"><span class='ocrx_word' id='word_1_172' title='bbox 357 1925 440 1988; x_wconf 90' lang='lat' dir='ltr'>biles,</span> <span class='ocrx_word' id='word_1_173' title='bbox 464 1933 492 1979; x_wconf 87' lang='lat' dir='ltr'>et</span> <span class='ocrx_word' id='word_1_174' title='bbox 503 1933 565 1995; x_wconf 89' lang='lat' dir='ltr'>post</span> <span class='ocrx_word' id='word_1_175' title='bbox 576 1924 634 1978; x_wconf 81' lang='lat' dir='ltr'>lraec</span> <span class='ocrx_word' id='word_1_176' title='bbox 652 1922 766 1978; x_wconf 78' lang='lat' dir='ltr'>Brutum</span> <span class='ocrx_word' id='word_1_177' title='bbox 779 1932 806 1979; x_wconf 89' lang='lat' dir='ltr'>et</span> <span class='ocrx_word' id='word_1_178' title='bbox 826 1924 965 1979; x_wconf 83' lang='lat' dir='ltr'>Cassium.</span> <span class='ocrx_word' id='word_1_179' title='bbox 981 1923 1147 1979; x_wconf 84' lang='lat' dir='ltr'>binricantes</span> <span class='ocrx_word' id='word_1_180' title='bbox 1198 1929 1225 1984; x_wconf 93' lang='lat' dir='ltr'>in</span> <span class='ocrx_word' id='word_1_181' title='bbox 1249 1926 1399 1983; x_wconf 71' lang='lat' dir='ltr'>Sextilibus</span> <span class='ocrx_word' id='word_1_182' title='bbox 1415 1928 1554 1994; x_wconf 83' lang='lat' dir='ltr'>Kalendis,</span> <span class='ocrx_word' id='word_1_183' title='bbox 1581 1942 1662 1996; x_wconf 88' lang='lat' dir='ltr'>quern</span> <span class='ocrx_word' id='word_1_184' title='bbox 1690 1927 1781 1982; x_wconf 89' lang='lat' dir='ltr'>nullus</span> <span class='ocrx_word' id='word_1_185' title='bbox 1798 1925 1986 1992; x_wconf 83' lang='lat' dir='ltr'>Runtarrurum</span> 
     </span>
     <span class='ocr_line' id='line_1_15' title="bbox 357 2017 1985 2092; baseline 0.003 -21"><span class='ocrx_word' id='word_1_186' title='bbox 357 2017 549 2085; x_wconf 86' lang='lat' dir='ltr'>obtinuerunt,</span> <span class='ocrx_word' id='word_1_187' title='bbox 566 2017 775 2087; x_wconf 79' lang='lat' dir='ltr'>diviseruntque</span> <span class='ocrx_word' id='word_1_188' title='bbox 789 2021 861 2074; x_wconf 91' lang='lat' dir='ltr'>inter</span> <span class='ocrx_word' id='word_1_189' title='bbox 872 2033 902 2075; x_wconf 88' lang='lat' dir='ltr'>se</span> <span class='ocrx_word' id='word_1_190' title='bbox 928 2018 1145 2091; x_wconf 82' lang='lat' dir='ltr'>Rempublicam.</span> <span class='ocrx_word' id='word_1_191' title='bbox 1197 2023 1356 2092; x_wconf 87' lang='lat' dir='ltr'>pontilicum</span> <span class='ocrx_word' id='word_1_192' title='bbox 1383 2036 1522 2076; x_wconf 89' lang='lat' dir='ltr'>remnrcrc</span> <span class='ocrx_word' id='word_1_193' title='bbox 1552 2021 1649 2090; x_wconf 93' lang='lat' dir='ltr'>potuit.</span> <span class='ocrx_word' id='word_1_194' title='bbox 1671 2021 1807 2091; x_wconf 85' lang='lat' dir='ltr'>Aggressa</span> <span class='ocrx_word' id='word_1_195' title='bbox 1832 2030 1985 2091; x_wconf 84' lang='lat' dir='ltr'>estpapam</span> 
     </span>
     <span class='ocr_line' id='line_1_16' title="bbox 357 2107 1986 2185; baseline 0.001 -19"><span class='ocrx_word' id='word_1_196' title='bbox 357 2107 527 2167; x_wconf 76' lang='lat' dir='ltr'>Octavianus</span> <span class='ocrx_word' id='word_1_197' title='bbox 543 2109 714 2181; x_wconf 86' lang='lat' dir='ltr'>llisponiam.</span> <span class='ocrx_word' id='word_1_198' title='bbox 727 2110 843 2166; x_wconf 87' lang='lat' dir='ltr'>Galliam</span> <span class='ocrx_word' id='word_1_199' title='bbox 871 2121 898 2167; x_wconf 92' lang='lat' dir='ltr'>et</span> <span class='ocrx_word' id='word_1_200' title='bbox 917 2110 1020 2167; x_wconf 90' lang='lat' dir='ltr'>ltaliam</span> <span class='ocrx_word' id='word_1_201' title='bbox 1036 2130 1044 2178; x_wconf 86' lang='lat'>;</span> <span class='ocrx_word' id='word_1_202' title='bbox 1061 2115 1146 2167; x_wconf 87' lang='lat' dir='ltr'>Anto-</span> <span class='ocrx_word' id='word_1_203' title='bbox 1197 2113 1348 2185; x_wconf 88' lang='lat' dir='ltr'>Pelagium,</span> <span class='ocrx_word' id='word_1_204' title='bbox 1365 2122 1392 2167; x_wconf 90' lang='lat' dir='ltr'>et</span> <span class='ocrx_word' id='word_1_205' title='bbox 1405 2121 1546 2167; x_wconf 88' lang='lat' dir='ltr'>senatores</span> <span class='ocrx_word' id='word_1_206' title='bbox 1562 2122 1590 2166; x_wconf 91' lang='lat' dir='ltr'>ct</span> <span class='ocrx_word' id='word_1_207' title='bbox 1614 2113 1757 2182; x_wconf 87' lang='lat' dir='ltr'>populum,</span> <span class='ocrx_word' id='word_1_208' title='bbox 1777 2122 1914 2182; x_wconf 77' lang='lat' dir='ltr'>qnatenus</span> <span class='ocrx_word' id='word_1_209' title='bbox 1933 2112 1986 2167; x_wconf 88' lang='lat' dir='ltr'>lroc</span> 
     </span>
     <span class='ocr_line' id='line_1_17' title="bbox 357 2200 1985 2276; baseline 0.001 -19"><span class='ocrx_word' id='word_1_210' title='bbox 357 2204 421 2257; x_wconf 88' lang='lat' dir='ltr'>nius</span> <span class='ocrx_word' id='word_1_211' title='bbox 433 2203 537 2265; x_wconf 84' lang='lat' dir='ltr'>Asiam,</span> <span class='ocrx_word' id='word_1_212' title='bbox 551 2201 680 2267; x_wconf 82' lang='lat' dir='ltr'>Pontum,</span> <span class='ocrx_word' id='word_1_213' title='bbox 695 2200 803 2275; x_wconf 78' lang='lat' dir='ltr'>Syriam</span> <span class='ocrx_word' id='word_1_214' title='bbox 815 2202 1002 2269; x_wconf 87' lang='lat' dir='ltr'>et0rientem,</span> <span class='ocrx_word' id='word_1_215' title='bbox 1016 2204 1062 2275; x_wconf 91' lang='lat' dir='ltr'>qui</span> <span class='ocrx_word' id='word_1_216' title='bbox 1076 2203 1146 2258; x_wconf 87' lang='lat' dir='ltr'>Plra·</span> <span class='ocrx_word' id='word_1_217' title='bbox 1197 2205 1394 2276; x_wconf 77' lang='lat' dir='ltr'>arnous,qnnd</span> <span class='ocrx_word' id='word_1_218' title='bbox 1421 2215 1513 2275; x_wconf 90' lang='lat' dir='ltr'>petere</span> <span class='ocrx_word' id='word_1_219' title='bbox 1533 2205 1622 2266; x_wconf 80' lang='lat' dir='ltr'>uellet.</span> <span class='ocrx_word' id='word_1_220' title='bbox 1647 2207 1671 2260; x_wconf 91' lang='lat' dir='ltr'>ei</span> <span class='ocrx_word' id='word_1_221' title='bbox 1700 2206 1904 2261; x_wconf 85' lang='lat' dir='ltr'>concederetur.</span> <span class='ocrx_word' id='word_1_222' title='bbox 1934 2204 1985 2259; x_wconf 87' lang='lat' dir='ltr'>Cui</span> 
     </span>
     <span class='ocr_line' id='line_1_18' title="bbox 357 2294 1986 2369; baseline 0.001 -19"><span class='ocrx_word' id='word_1_223' title='bbox 357 2296 454 2350; x_wconf 65' lang='lat' dir='ltr'>saelum</span> <span class='ocrx_word' id='word_1_224' title='bbox 474 2305 501 2351; x_wconf 90' lang='lat' dir='ltr'>et</span> <span class='ocrx_word' id='word_1_225' title='bbox 518 2294 652 2351; x_wconf 85' lang='lat' dir='ltr'>Herodem</span> <span class='ocrx_word' id='word_1_226' title='bbox 671 2305 866 2367; x_wconf 80' lang='lat' dir='ltr'>procuratores</span> <span class='ocrx_word' id='word_1_227' title='bbox 878 2298 1032 2353; x_wconf 83' lang='lat' dir='ltr'>tetrarchas</span> <span class='ocrx_word' id='word_1_228' title='bbox 1045 2296 1144 2354; x_wconf 79' lang='lat' dir='ltr'>ellecit.</span> <span class='ocrx_word' id='word_1_229' title='bbox 1196 2301 1340 2369; x_wconf 85' lang='lat' dir='ltr'>diligenter</span> <span class='ocrx_word' id='word_1_230' title='bbox 1352 2299 1509 2353; x_wconf 87' lang='lat' dir='ltr'>condonare</span> <span class='ocrx_word' id='word_1_231' title='bbox 1535 2299 1733 2368; x_wconf 88' lang='lat' dir='ltr'>promiserunt.</span> <span class='ocrx_word' id='word_1_232' title='bbox 1751 2298 1853 2369; x_wconf 83' lang='lat' dir='ltr'>Regina</span> <span class='ocrx_word' id='word_1_233' title='bbox 1867 2313 1930 2352; x_wconf 86' lang='lat' dir='ltr'>rcro</span> <span class='ocrx_word' id='word_1_234' title='bbox 1942 2298 1986 2352; x_wconf 86' lang='lat' dir='ltr'>‹li-</span> 
     </span>
     <span class='ocr_line' id='line_1_19' title="bbox 357 2387 1987 2463; baseline 0.002 -20"><span class='ocrx_word' id='word_1_235' title='bbox 357 2387 411 2444; x_wconf 82' lang='lat' dir='ltr'>Sed</span> <span class='ocrx_word' id='word_1_236' title='bbox 429 2404 477 2444; x_wconf 84' lang='lat' dir='ltr'>rex</span> <span class='ocrx_word' id='word_1_237' title='bbox 493 2387 657 2445; x_wconf 78' lang='lat' dir='ltr'>Parthorum</span> <span class='ocrx_word' id='word_1_238' title='bbox 672 2388 843 2447; x_wconf 87' lang='lat' dir='ltr'>liierusalem</span> <span class='ocrx_word' id='word_1_239' title='bbox 859 2390 966 2447; x_wconf 76' lang='lat' dir='ltr'>obsedit</span> <span class='ocrx_word' id='word_1_240' title='bbox 979 2400 1007 2446; x_wconf 91' lang='lat' dir='ltr'>et</span> <span class='ocrx_word' id='word_1_241' title='bbox 1032 2390 1146 2463; x_wconf 88' lang='lat' dir='ltr'>Antigo·</span> <span class='ocrx_word' id='word_1_242' title='bbox 1196 2393 1236 2447; x_wconf 83' lang='lat' dir='ltr'>xit</span> <span class='ocrx_word' id='word_1_243' title='bbox 1252 2409 1259 2447; x_wconf 93' lang='lat'>:</span> <span class='ocrx_word' id='word_1_244' title='bbox 1276 2389 1356 2444; x_wconf 83' lang='lat' dir='ltr'>Video</span> <span class='ocrx_word' id='word_1_245' title='bbox 1374 2407 1417 2445; x_wconf 81' lang='lat' dir='ltr'>ror</span> <span class='ocrx_word' id='word_1_246' title='bbox 1432 2401 1487 2444; x_wconf 87' lang='lat' dir='ltr'>torn</span> <span class='ocrx_word' id='word_1_247' title='bbox 1499 2391 1629 2446; x_wconf 79' lang='lat' dir='ltr'>sollicitus</span> <span class='ocrx_word' id='word_1_248' title='bbox 1643 2392 1669 2445; x_wconf 86' lang='lat' dir='ltr'>in</span> <span class='ocrx_word' id='word_1_249' title='bbox 1692 2391 1806 2446; x_wconf 75' lang='lat' dir='ltr'>Sextiles</span> <span class='ocrx_word' id='word_1_250' title='bbox 1828 2392 1987 2462; x_wconf 75' lang='lat' dir='ltr'>testivitates</span> 
     </span>
     <span class='ocr_line' id='line_1_20' title="bbox 356 2481 1985 2553; baseline 0 -17"><span class='ocrx_word' id='word_1_251' title='bbox 356 2497 393 2536; x_wconf 90' lang='lat' dir='ltr'>uo</span> <span class='ocrx_word' id='word_1_252' title='bbox 408 2496 524 2552; x_wconf 84' lang='lat' dir='ltr'>regnum</span> <span class='ocrx_word' id='word_1_253' title='bbox 549 2483 677 2549; x_wconf 74' lang='lat' dir='ltr'>restruit,</span> <span class='ocrx_word' id='word_1_254' title='bbox 694 2483 806 2540; x_wconf 82' lang='lat' dir='ltr'>tradens</span> <span class='ocrx_word' id='word_1_255' title='bbox 822 2483 849 2539; x_wconf 88' lang='lat' dir='ltr'>ei</span> <span class='ocrx_word' id='word_1_256' title='bbox 860 2481 1010 2538; x_wconf 77' lang='lat' dir='ltr'>tirrannum</span> <span class='ocrx_word' id='word_1_257' title='bbox 1032 2493 1060 2540; x_wconf 89' lang='lat' dir='ltr'>et</span> <span class='ocrx_word' id='word_1_258' title='bbox 1072 2484 1146 2541; x_wconf 87' lang='lat' dir='ltr'>Plra·</span> <span class='ocrx_word' id='word_1_259' title='bbox 1196 2486 1222 2539; x_wconf 87' lang='lat' dir='ltr'>iu</span> <span class='ocrx_word' id='word_1_260' title='bbox 1234 2485 1358 2538; x_wconf 87' lang='lat' dir='ltr'>lrorrorem</span> <span class='ocrx_word' id='word_1_261' title='bbox 1374 2485 1541 2553; x_wconf 80' lang='lat' dir='ltr'>imperatoris</span> <span class='ocrx_word' id='word_1_262' title='bbox 1557 2485 1655 2538; x_wconf 84' lang='lat' dir='ltr'>rtturtei</span> <span class='ocrx_word' id='word_1_263' title='bbox 1672 2483 1811 2539; x_wconf 84' lang='lat' dir='ltr'>Ortorimri</span> <span class='ocrx_word' id='word_1_264' title='bbox 1825 2499 1874 2553; x_wconf 84' lang='lat' dir='ltr'>pro</span> <span class='ocrx_word' id='word_1_265' title='bbox 1900 2484 1985 2536; x_wconf 82' lang='lat' dir='ltr'>ricto·</span> 
     </span>
     <span class='ocr_line' id='line_1_21' title="bbox 356 2562 1986 2650; baseline 0 -21"><span class='ocrx_word' id='word_1_266' title='bbox 356 2574 466 2633; x_wconf 65' lang='lat' dir='ltr'>wluut.</span> <span class='ocrx_word' id='word_1_267' title='bbox 491 2572 613 2632; x_wconf 81' lang='lat' dir='ltr'>Herodes</span> <span class='ocrx_word' id='word_1_268' title='bbox 633 2585 723 2633; x_wconf 86' lang='lat' dir='ltr'>autem</span> <span class='ocrx_word' id='word_1_269' title='bbox 741 2574 850 2648; x_wconf 86' lang='lat' dir='ltr'>lugiens</span> <span class='ocrx_word' id='word_1_270' title='bbox 868 2576 942 2631; x_wconf 79' lang='lat' dir='ltr'>teuit</span> <span class='ocrx_word' id='word_1_271' title='bbox 964 2575 1093 2645; x_wconf 85' lang='lat' dir='ltr'>Romam,</span> <span class='ocrx_word' id='word_1_272' title='bbox 1118 2586 1147 2633; x_wconf 90' lang='lat' dir='ltr'>el</span> <span class='ocrx_word' id='word_1_273' title='bbox 1196 2562 1337 2650; x_wconf 62' lang='lat' dir='ltr'>simquum</span> <span class='ocrx_word' id='word_1_274' title='bbox 1349 2579 1411 2649; x_wconf 73' lang='lat' dir='ltr'>feeit</span> <span class='ocrx_word' id='word_1_275' title='bbox 1430 2589 1522 2634; x_wconf 87' lang='lat' dir='ltr'>contro</span> <span class='ocrx_word' id='word_1_276' title='bbox 1536 2578 1690 2649; x_wconf 81' lang='lat' dir='ltr'>AEqpptius.</span> <span class='ocrx_word' id='word_1_277' title='bbox 1719 2577 1791 2648; x_wconf 83' lang='lat' dir='ltr'>lioqo</span> <span class='ocrx_word' id='word_1_278' title='bbox 1806 2595 1861 2643; x_wconf 86' lang='lat' dir='ltr'>ror,</span> <span class='ocrx_word' id='word_1_279' title='bbox 1876 2585 1905 2630; x_wconf 88' lang='lat' dir='ltr'>nt</span> <span class='ocrx_word' id='word_1_280' title='bbox 1920 2576 1986 2630; x_wconf 86' lang='lat' dir='ltr'>milri</span> 
     </span>
     <span class='ocr_line' id='line_1_22' title="bbox 355 2665 1985 2740; baseline -0.002 -16"><span class='ocrx_word' id='word_1_281' title='bbox 355 2675 507 2724; x_wconf 85' lang='lat' dir='ltr'>eorotralus</span> <span class='ocrx_word' id='word_1_282' title='bbox 527 2676 570 2723; x_wconf 72' lang='grc' dir='ltr'>εει</span> <span class='ocrx_word' id='word_1_283' title='bbox 591 2669 619 2723; x_wconf 91' lang='lat' dir='ltr'>itt</span> <span class='ocrx_word' id='word_1_284' title='bbox 643 2683 734 2739; x_wconf 81' lang='lat' dir='ltr'>regem</span> <span class='ocrx_word' id='word_1_285' title='bbox 756 2682 840 2739; x_wconf 89' lang='lat' dir='ltr'>super</span> <span class='ocrx_word' id='word_1_286' title='bbox 864 2665 998 2724; x_wconf 65' lang='lat' dir='ltr'>luderem.</span> <span class='ocrx_word' id='word_1_287' title='bbox 1027 2668 1146 2726; x_wconf 80' lang='lat' dir='ltr'>Rediens</span> <span class='ocrx_word' id='word_1_288' title='bbox 1195 2672 1299 2726; x_wconf 76' lang='lat' dir='ltr'>dorsetis</span> <span class='ocrx_word' id='word_1_289' title='bbox 1322 2671 1447 2724; x_wconf 85' lang='lat' dir='ltr'>lronorenr</span> <span class='ocrx_word' id='word_1_290' title='bbox 1474 2670 1644 2740; x_wconf 83' lang='lat' dir='ltr'>imperatoris</span> <span class='ocrx_word' id='word_1_291' title='bbox 1662 2670 1760 2722; x_wconf 79' lang='lat' dir='ltr'>niortui</span> <span class='ocrx_word' id='word_1_292' title='bbox 1786 2667 1926 2723; x_wconf 87' lang='lat' dir='ltr'>Ortnriutri</span> <span class='ocrx_word' id='word_1_293' title='bbox 1950 2667 1985 2721; x_wconf 80' lang='lat' dir='ltr'>od</span> 
     </span>
     <span class='ocr_line' id='line_1_23' title="bbox 356 2758 1985 2831; baseline -0.001 -18"><span class='ocrx_word' id='word_1_294' title='bbox 356 2759 480 2815; x_wconf 89' lang='lat' dir='ltr'>llerodes</span> <span class='ocrx_word' id='word_1_295' title='bbox 496 2775 560 2815; x_wconf 84' lang='lat' dir='ltr'>curn</span> <span class='ocrx_word' id='word_1_296' title='bbox 573 2759 707 2817; x_wconf 76' lang='lat' dir='ltr'>Ronlanis</span> <span class='ocrx_word' id='word_1_297' title='bbox 719 2762 791 2831; x_wconf 87' lang='lat' dir='ltr'>cepit</span> <span class='ocrx_word' id='word_1_298' title='bbox 804 2759 987 2828; x_wconf 83' lang='lat' dir='ltr'>Hierusalem,</span> <span class='ocrx_word' id='word_1_299' title='bbox 1011 2770 1040 2818; x_wconf 91' lang='lat' dir='ltr'>et</span> <span class='ocrx_word' id='word_1_300' title='bbox 1056 2762 1145 2818; x_wconf 86' lang='lat' dir='ltr'>Anto-</span> <span class='ocrx_word' id='word_1_301' title='bbox 1195 2765 1318 2817; x_wconf 85' lang='lat' dir='ltr'>lronorem</span> <span class='ocrx_word' id='word_1_302' title='bbox 1334 2762 1504 2831; x_wconf 81' lang='lat' dir='ltr'>imperatoris</span> <span class='ocrx_word' id='word_1_303' title='bbox 1531 2761 1654 2822; x_wconf 80' lang='lat' dir='ltr'>celestis,</span> <span class='ocrx_word' id='word_1_304' title='bbox 1666 2769 1691 2815; x_wconf 89' lang='lat' dir='ltr'>rt</span> <span class='ocrx_word' id='word_1_305' title='bbox 1709 2760 1823 2829; x_wconf 81' lang='lat' dir='ltr'>apostoli</span> <span class='ocrx_word' id='word_1_306' title='bbox 1838 2758 1923 2824; x_wconf 86' lang='lat' dir='ltr'>Petri,</span> <span class='ocrx_word' id='word_1_307' title='bbox 1938 2776 1985 2813; x_wconf 86' lang='lat' dir='ltr'>ru·</span> 
     </span>
     <span class='ocr_line' id='line_1_24' title="bbox 357 2849 1985 2926; baseline -0.004 -17"><span class='ocrx_word' id='word_1_308' title='bbox 357 2853 422 2909; x_wconf 86' lang='lat' dir='ltr'>ulus</span> <span class='ocrx_word' id='word_1_309' title='bbox 438 2853 540 2909; x_wconf 87' lang='lat' dir='ltr'>occidit</span> <span class='ocrx_word' id='word_1_310' title='bbox 559 2856 738 2926; x_wconf 87' lang='lat' dir='ltr'>Antigonum,</span> <span class='ocrx_word' id='word_1_311' title='bbox 755 2863 783 2910; x_wconf 83' lang='lat' dir='ltr'>et</span> <span class='ocrx_word' id='word_1_312' title='bbox 796 2856 969 2910; x_wconf 87' lang='lat' dir='ltr'>conlirmarit</span> <span class='ocrx_word' id='word_1_313' title='bbox 984 2853 1086 2912; x_wconf 91' lang='lat' dir='ltr'>llerodi</span> <span class='ocrx_word' id='word_1_314' title='bbox 1102 2872 1146 2912; x_wconf 91' lang='lat' dir='ltr'>re·</span> <span class='ocrx_word' id='word_1_315' title='bbox 1190 2854 1237 2924; x_wconf 77' lang='lat' dir='ltr'>jus</span> <span class='ocrx_word' id='word_1_316' title='bbox 1252 2862 1360 2906; x_wconf 84' lang='lat' dir='ltr'>rotenus</span> <span class='ocrx_word' id='word_1_317' title='bbox 1376 2851 1599 2922; x_wconf 83' lang='lat' dir='ltr'>ollierosolpmis</span> <span class='ocrx_word' id='word_1_318' title='bbox 1611 2852 1724 2906; x_wconf 81' lang='lat' dir='ltr'>rddrrri.</span> <span class='ocrx_word' id='word_1_319' title='bbox 1743 2849 1777 2906; x_wconf 83' lang='grc' dir='ltr'>Ει</span> <span class='ocrx_word' id='word_1_320' title='bbox 1802 2853 1872 2905; x_wconf 83' lang='lat' dir='ltr'>sicut</span> <span class='ocrx_word' id='word_1_321' title='bbox 1888 2850 1933 2904; x_wconf 86' lang='lat' dir='ltr'>ille</span> <span class='ocrx_word' id='word_1_322' title='bbox 1949 2849 1985 2906; x_wconf 91' lang='lat' dir='ltr'>li-</span> 
     </span>
     <span class='ocr_line' id='line_1_25' title="bbox 356 2944 1984 3018; baseline -0.002 -17"><span class='ocrx_word' id='word_1_323' title='bbox 356 2962 455 3016; x_wconf 91' lang='lat' dir='ltr'>gnum.</span> <span class='ocrx_word' id='word_1_324' title='bbox 471 2947 512 3002; x_wconf 90' lang='lat' dir='ltr'>Ad</span> <span class='ocrx_word' id='word_1_325' title='bbox 526 2947 584 3004; x_wconf 78' lang='lat' dir='ltr'>liare</span> <span class='ocrx_word' id='word_1_326' title='bbox 596 2947 744 3014; x_wconf 85' lang='lat' dir='ltr'>Antonius,</span> <span class='ocrx_word' id='word_1_327' title='bbox 763 2949 905 3018; x_wconf 85' lang='lat' dir='ltr'>repudiata</span> <span class='ocrx_word' id='word_1_328' title='bbox 919 2965 1014 3005; x_wconf 90' lang='lat' dir='ltr'>sorore</span> <span class='ocrx_word' id='word_1_329' title='bbox 1027 2949 1145 3006; x_wconf 83' lang='lat' dir='ltr'>Caesaris</span> <span class='ocrx_word' id='word_1_330' title='bbox 1195 2948 1295 3002; x_wconf 83' lang='lat' dir='ltr'>ierrrit</span> <span class='ocrx_word' id='word_1_331' title='bbox 1310 2963 1357 3000; x_wconf 82' lang='lat' dir='ltr'>tros</span> <span class='ocrx_word' id='word_1_332' title='bbox 1373 2947 1405 3000; x_wconf 84' lang='lat' dir='ltr'>nl</span> <span class='ocrx_word' id='word_1_333' title='bbox 1418 2944 1580 3017; x_wconf 86' lang='lat' dir='ltr'>AEppptioca</span> <span class='ocrx_word' id='word_1_334' title='bbox 1596 2946 1732 3009; x_wconf 82' lang='lat' dir='ltr'>seruitute,</span> <span class='ocrx_word' id='word_1_335' title='bbox 1745 2945 1784 2998; x_wconf 85' lang='lat' dir='ltr'>itu</span> <span class='ocrx_word' id='word_1_336' title='bbox 1811 2944 1856 2998; x_wconf 88' lang='lat' dir='ltr'>ille</span> <span class='ocrx_word' id='word_1_337' title='bbox 1869 2946 1984 3014; x_wconf 84' lang='lat' dir='ltr'>imperu-</span> 
     </span>
     <span class='ocr_line' id='line_1_26' title="bbox 361 3035 1985 3111; baseline 0.001 -20"><span class='ocrx_word' id='word_1_338' title='bbox 361 3035 515 3105; x_wconf 87' lang='lat' dir='ltr'>Octariani,</span> <span class='ocrx_word' id='word_1_339' title='bbox 529 3038 609 3109; x_wconf 83' lang='lat' dir='ltr'>enjus</span> <span class='ocrx_word' id='word_1_340' title='bbox 627 3040 736 3110; x_wconf 80' lang='lat' dir='ltr'>bajulus</span> <span class='ocrx_word' id='word_1_341' title='bbox 758 3049 820 3111; x_wconf 87' lang='lat' dir='ltr'>post</span> <span class='ocrx_word' id='word_1_342' title='bbox 841 3051 957 3097; x_wconf 89' lang='lat' dir='ltr'>mortem</span> <span class='ocrx_word' id='word_1_343' title='bbox 971 3042 1087 3100; x_wconf 68' lang='lat' dir='ltr'>ematis</span> <span class='ocrx_word' id='word_1_344' title='bbox 1102 3058 1144 3099; x_wconf 89' lang='lat' dir='ltr'>re·</span> <span class='ocrx_word' id='word_1_345' title='bbox 1195 3048 1238 3095; x_wconf 85' lang='lat' dir='ltr'>tor</span> <span class='ocrx_word' id='word_1_346' title='bbox 1252 3040 1365 3095; x_wconf 78' lang='lat' dir='ltr'>celestis</span> <span class='ocrx_word' id='word_1_347' title='bbox 1380 3039 1471 3094; x_wconf 81' lang='lat' dir='ltr'>liberet</span> <span class='ocrx_word' id='word_1_348' title='bbox 1484 3054 1555 3092; x_wconf 83' lang='lat' dir='ltr'>roro</span> <span class='ocrx_word' id='word_1_349' title='bbox 1570 3038 1695 3092; x_wconf 79' lang='lat' dir='ltr'>seruitute</span> <span class='ocrx_word' id='word_1_350' title='bbox 1708 3039 1867 3093; x_wconf 79' lang='lat' dir='ltr'>dortronunr.</span> <span class='ocrx_word' id='word_1_351' title='bbox 1880 3035 1915 3090; x_wconf 83' lang='lat' dir='ltr'>Et</span> <span class='ocrx_word' id='word_1_352' title='bbox 1927 3037 1985 3092; x_wconf 90' lang='lat' dir='ltr'>uolo</span> 
     </span>
     <span class='ocr_line' id='line_1_27' title="bbox 356 3127 1984 3202; baseline 0.001 -20"><span class='ocrx_word' id='word_1_353' title='bbox 356 3139 514 3194; x_wconf 89' lang='lat' dir='ltr'>manserat,</span> <span class='ocrx_word' id='word_1_354' title='bbox 539 3130 679 3186; x_wconf 88' lang='lat' dir='ltr'>nitebatur</span> <span class='ocrx_word' id='word_1_355' title='bbox 706 3133 793 3188; x_wconf 90' lang='lat' dir='ltr'>multo</span> <span class='ocrx_word' id='word_1_356' title='bbox 814 3135 966 3189; x_wconf 86' lang='lat' dir='ltr'>certamine</span> <span class='ocrx_word' id='word_1_357' title='bbox 986 3135 1010 3191; x_wconf 88' lang='lat' dir='ltr'>ei</span> <span class='ocrx_word' id='word_1_358' title='bbox 1035 3137 1144 3191; x_wconf 90' lang='lat' dir='ltr'>aulerre</span> <span class='ocrx_word' id='word_1_359' title='bbox 1194 3133 1282 3202; x_wconf 68' lang='lat' dir='ltr'>[atcere</span> <span class='ocrx_word' id='word_1_360' title='bbox 1296 3132 1435 3187; x_wconf 85' lang='lat' dir='ltr'>ecclesium</span> <span class='ocrx_word' id='word_1_361' title='bbox 1451 3131 1485 3184; x_wconf 86' lang='lat' dir='ltr'>od</span> <span class='ocrx_word' id='word_1_362' title='bbox 1506 3132 1631 3184; x_wconf 83' lang='lat' dir='ltr'>lrorroreru</span> <span class='ocrx_word' id='word_1_363' title='bbox 1647 3129 1695 3183; x_wconf 84' lang='lat' dir='ltr'>Dei</span> <span class='ocrx_word' id='word_1_364' title='bbox 1708 3139 1732 3183; x_wconf 86' lang='lat' dir='ltr'>er</span> <span class='ocrx_word' id='word_1_365' title='bbox 1748 3129 1818 3183; x_wconf 82' lang='lat' dir='ltr'>beuti</span> <span class='ocrx_word' id='word_1_366' title='bbox 1833 3127 1920 3196; x_wconf 87' lang='lat' dir='ltr'>Petri,</span> <span class='ocrx_word' id='word_1_367' title='bbox 1932 3128 1984 3183; x_wconf 88' lang='lat' dir='ltr'>ibi·</span> 
     </span>
     <span class='ocr_line' id='line_1_28' title="bbox 354 3221 1985 3300; baseline 0.001 -25"><span class='ocrx_word' id='word_1_368' title='bbox 354 3221 519 3291; x_wconf 85' lang='lat' dir='ltr'>imperiuut;</span> <span class='ocrx_word' id='word_1_369' title='bbox 531 3231 557 3277; x_wconf 93' lang='lat' dir='ltr'>et</span> <span class='ocrx_word' id='word_1_370' title='bbox 573 3223 652 3278; x_wconf 84' lang='lat' dir='ltr'>duxit</span> <span class='ocrx_word' id='word_1_371' title='bbox 663 3222 690 3277; x_wconf 89' lang='lat' dir='ltr'>in</span> <span class='ocrx_word' id='word_1_372' title='bbox 703 3238 816 3278; x_wconf 87' lang='lat' dir='ltr'>uxorem</span> <span class='ocrx_word' id='word_1_373' title='bbox 834 3224 1006 3298; x_wconf 88' lang='lat' dir='ltr'>Cleopatram</span> <span class='ocrx_word' id='word_1_374' title='bbox 1021 3230 1143 3300; x_wconf 77' lang='lat' dir='ltr'>reginam</span> <span class='ocrx_word' id='word_1_375' title='bbox 1193 3242 1242 3296; x_wconf 89' lang='lat' dir='ltr'>que</span> <span class='ocrx_word' id='word_1_376' title='bbox 1253 3242 1348 3295; x_wconf 80' lang='lat' dir='ltr'>putrere</span> <span class='ocrx_word' id='word_1_377' title='bbox 1359 3234 1466 3278; x_wconf 77' lang='lat' dir='ltr'>rotenus</span> <span class='ocrx_word' id='word_1_378' title='bbox 1475 3239 1485 3287; x_wconf 90' lang='lat'>‚·</span> <span class='ocrx_word' id='word_1_379' title='bbox 1503 3239 1582 3293; x_wconf 86' lang='lat' dir='ltr'>quum</span> <span class='ocrx_word' id='word_1_380' title='bbox 1601 3221 1739 3277; x_wconf 82' lang='lat' dir='ltr'>ecclesium</span> <span class='ocrx_word' id='word_1_381' title='bbox 1761 3230 1786 3275; x_wconf 85' lang='lat' dir='ltr'>et</span> <span class='ocrx_word' id='word_1_382' title='bbox 1798 3223 1910 3277; x_wconf 77' lang='lat' dir='ltr'>dotrinae</span> <span class='ocrx_word' id='word_1_383' title='bbox 1919 3237 1985 3291; x_wconf 83' lang='lat' dir='ltr'>rpo-</span> 
     </span>
     <span class='ocr_line' id='line_1_29' title="bbox 355 3313 1985 3396; baseline -0.014 -5"><span class='ocrx_word' id='word_1_384' title='bbox 355 3317 469 3391; x_wconf 79' lang='lat' dir='ltr'>AEgypti</span> <span class='ocrx_word' id='word_1_385' title='bbox 486 3320 705 3390; x_wconf 64' lang='lat' dir='ltr'>Webllsssimam</span> <span class='ocrx_word' id='word_1_386' title='bbox 725 3321 752 3375; x_wconf 89' lang='lat' dir='ltr'>in</span> <span class='ocrx_word' id='word_1_387' title='bbox 765 3337 834 3377; x_wconf 75' lang='lat' dir='ltr'>euro</span> <span class='ocrx_word' id='word_1_388' title='bbox 844 3331 872 3378; x_wconf 91' lang='lat' dir='ltr'>el</span> <span class='ocrx_word' id='word_1_389' title='bbox 882 3334 995 3396; x_wconf 91' lang='lat' dir='ltr'>argento</span> <span class='ocrx_word' id='word_1_390' title='bbox 1008 3335 1035 3380; x_wconf 83' lang='lat' dir='ltr'>et</span> <span class='ocrx_word' id='word_1_391' title='bbox 1047 3327 1144 3396; x_wconf 70' lang='lat' dir='ltr'>lapidi.</span> <span class='ocrx_word' id='word_1_392' title='bbox 1193 3320 1303 3374; x_wconf 85' lang='lat' dir='ltr'>stolicnr</span> <span class='ocrx_word' id='word_1_393' title='bbox 1316 3318 1416 3372; x_wconf 84' lang='lat' dir='ltr'>dedicet</span> <span class='ocrx_word' id='word_1_394' title='bbox 1429 3321 1457 3371; x_wconf 91' lang='lat' dir='ltr'>in</span> <span class='ocrx_word' id='word_1_395' title='bbox 1469 3314 1585 3369; x_wconf 77' lang='lat' dir='ltr'>Kalend.</span> <span class='ocrx_word' id='word_1_396' title='bbox 1599 3316 1726 3386; x_wconf 81' lang='lat' dir='ltr'>Augusti,</span> <span class='ocrx_word' id='word_1_397' title='bbox 1741 3326 1766 3369; x_wconf 87' lang='lat' dir='ltr'>et</span> <span class='ocrx_word' id='word_1_398' title='bbox 1783 3329 1891 3371; x_wconf 73' lang='lat' dir='ltr'>trocerur</span> <span class='ocrx_word' id='word_1_399' title='bbox 1913 3313 1985 3370; x_wconf 88' lang='lat' dir='ltr'>Son·</span> 
     </span>
     <span class='ocr_line' id='line_1_30' title="bbox 354 3408 1984 3485; baseline 0.001 -23"><span class='ocrx_word' id='word_1_400' title='bbox 354 3413 408 3468; x_wconf 77' lang='lat' dir='ltr'>bris</span> <span class='ocrx_word' id='word_1_401' title='bbox 419 3411 558 3483; x_wconf 84' lang='lat' dir='ltr'>pretiosis,</span> <span class='ocrx_word' id='word_1_402' title='bbox 571 3422 597 3468; x_wconf 89' lang='lat' dir='ltr'>et</span> <span class='ocrx_word' id='word_1_403' title='bbox 612 3414 724 3485; x_wconf 91' lang='lat' dir='ltr'>populo.</span> <span class='ocrx_word' id='word_1_404' title='bbox 740 3413 865 3485; x_wconf 86' lang='lat' dir='ltr'>Cumque</span> <span class='ocrx_word' id='word_1_405' title='bbox 876 3416 1012 3474; x_wconf 76' lang='lat' dir='ltr'>Autronius</span> <span class='ocrx_word' id='word_1_406' title='bbox 1027 3418 1145 3474; x_wconf 76' lang='lat' dir='ltr'>erclen.</span> <span class='ocrx_word' id='word_1_407' title='bbox 1194 3423 1250 3466; x_wconf 85' lang='lat' dir='ltr'>ctus</span> <span class='ocrx_word' id='word_1_408' title='bbox 1264 3410 1362 3466; x_wconf 79' lang='lat' dir='ltr'>Petrus</span> <span class='ocrx_word' id='word_1_409' title='bbox 1382 3410 1417 3463; x_wconf 86' lang='lat' dir='ltr'>nd</span> <span class='ocrx_word' id='word_1_410' title='bbox 1436 3409 1558 3476; x_wconf 79' lang='lat' dir='ltr'>Vincula,</span> <span class='ocrx_word' id='word_1_411' title='bbox 1572 3408 1616 3462; x_wconf 88' lang='lat' dir='ltr'>ubi</span> <span class='ocrx_word' id='word_1_412' title='bbox 1639 3409 1751 3464; x_wconf 83' lang='lat' dir='ltr'>domnus</span> <span class='ocrx_word' id='word_1_413' title='bbox 1763 3408 1923 3478; x_wconf 79' lang='lat' dir='ltr'>apostolicus</span> <span class='ocrx_word' id='word_1_414' title='bbox 1934 3424 1984 3463; x_wconf 89' lang='lat' dir='ltr'>ott·</span> 
     </span>
     <span class='ocr_line' id='line_1_31' title="bbox 354 3500 1982 3585; baseline -0.003 -24"><span class='ocrx_word' id='word_1_415' title='bbox 354 3515 509 3576; x_wconf 83' lang='lat' dir='ltr'>patrarum</span> <span class='ocrx_word' id='word_1_416' title='bbox 526 3521 625 3577; x_wconf 90' lang='lat' dir='ltr'>magno</span> <span class='ocrx_word' id='word_1_417' title='bbox 636 3517 768 3577; x_wconf 88' lang='lat' dir='ltr'>apparatu</span> <span class='ocrx_word' id='word_1_418' title='bbox 783 3509 893 3563; x_wconf 76' lang='lat' dir='ltr'>tratriunt</span> <span class='ocrx_word' id='word_1_419' title='bbox 906 3512 1033 3582; x_wconf 89' lang='lat' dir='ltr'>etpopuli</span> <span class='ocrx_word' id='word_1_420' title='bbox 1048 3521 1144 3569; x_wconf 72' lang='lat' dir='ltr'>contra</span> <span class='ocrx_word' id='word_1_421' title='bbox 1158 3527 1179 3585; x_wconf 73' lang='lat' dir='ltr'><strong>c</strong></span> <span class='ocrx_word' id='word_1_422' title='bbox 1195 3503 1312 3558; x_wconf 80' lang='lat' dir='ltr'>nuuliter</span> <span class='ocrx_word' id='word_1_423' title='bbox 1324 3504 1351 3556; x_wconf 89' lang='lat' dir='ltr'>in</span> <span class='ocrx_word' id='word_1_424' title='bbox 1366 3511 1415 3556; x_wconf 84' lang='lat' dir='ltr'>troc</span> <span class='ocrx_word' id='word_1_425' title='bbox 1429 3501 1541 3557; x_wconf 85' lang='lat' dir='ltr'>ecclesio</span> <span class='ocrx_word' id='word_1_426' title='bbox 1554 3503 1697 3556; x_wconf 82' lang='lat' dir='ltr'>ruisrornm</span> <span class='ocrx_word' id='word_1_427' title='bbox 1710 3500 1837 3555; x_wconf 83' lang='lat' dir='ltr'>solemnio</span> <span class='ocrx_word' id='word_1_428' title='bbox 1861 3501 1982 3556; x_wconf 79' lang='lat' dir='ltr'>celebret.</span> 
     </span>
     <span class='ocr_line' id='line_1_32' title="bbox 356 3594 1984 3669; baseline -0.002 -16"><span class='ocrx_word' id='word_1_429' title='bbox 356 3597 475 3653; x_wconf 84' lang='lat' dir='ltr'>Romam</span> <span class='ocrx_word' id='word_1_430' title='bbox 491 3600 584 3654; x_wconf 89' lang='lat' dir='ltr'>reuire</span> <span class='ocrx_word' id='word_1_431' title='bbox 596 3600 754 3669; x_wconf 81' lang='lat' dir='ltr'>erupissent,</span> <span class='ocrx_word' id='word_1_432' title='bbox 767 3601 820 3656; x_wconf 84' lang='lat' dir='ltr'>lroc</span> <span class='ocrx_word' id='word_1_433' title='bbox 835 3600 928 3657; x_wconf 79' lang='lat' dir='ltr'>Ronrae</span> <span class='ocrx_word' id='word_1_434' title='bbox 951 3605 1075 3659; x_wconf 79' lang='lat' dir='ltr'>anditum</span> <span class='ocrx_word' id='word_1_435' title='bbox 1090 3618 1143 3663; x_wconf 73' lang='lat' dir='ltr'>esp,</span> <span class='ocrx_word' id='word_1_436' title='bbox 1197 3598 1230 3651; x_wconf 85' lang='grc' dir='ltr'>Ει</span> <span class='ocrx_word' id='word_1_437' title='bbox 1247 3598 1317 3650; x_wconf 85' lang='lat' dir='ltr'>sicut</span> <span class='ocrx_word' id='word_1_438' title='bbox 1332 3595 1424 3651; x_wconf 84' lang='lat' dir='ltr'>bertus</span> <span class='ocrx_word' id='word_1_439' title='bbox 1437 3594 1535 3649; x_wconf 82' lang='lat' dir='ltr'>Petrus</span> <span class='ocrx_word' id='word_1_440' title='bbox 1561 3594 1593 3648; x_wconf 84' lang='lat' dir='ltr'>ub</span> <span class='ocrx_word' id='word_1_441' title='bbox 1610 3594 1702 3665; x_wconf 75' lang='lat' dir='ltr'>urrpelo</span> <span class='ocrx_word' id='word_1_442' title='bbox 1715 3595 1766 3665; x_wconf 71' lang='lat' dir='ltr'>fuit</span> <span class='ocrx_word' id='word_1_443' title='bbox 1783 3611 1799 3648; x_wconf 88' lang='lat' dir='ltr'>o</span> <span class='ocrx_word' id='word_1_444' title='bbox 1814 3595 1925 3648; x_wconf 80' lang='lat' dir='ltr'>uinculis</span> <span class='ocrx_word' id='word_1_445' title='bbox 1936 3595 1984 3649; x_wconf 84' lang='lat' dir='ltr'>ub·</span> 
     </span>
     <span class='ocr_line' id='line_1_33' title="bbox 354 3685 1984 3766; baseline -0.003 -21"><span class='ocrx_word' id='word_1_446' title='bbox 354 3687 673 3746; x_wconf 78' lang='lat' dir='ltr'>Octavianusverocurrt</span> <span class='ocrx_word' id='word_1_447' title='bbox 687 3692 789 3762; x_wconf 86' lang='lat' dir='ltr'>lugenti</span> <span class='ocrx_word' id='word_1_448' title='bbox 805 3706 935 3764; x_wconf 82' lang='lat' dir='ltr'>apparatu</span> <span class='ocrx_word' id='word_1_449' title='bbox 953 3695 1062 3758; x_wconf 74' lang='lat' dir='ltr'>obuiam</span> <span class='ocrx_word' id='word_1_450' title='bbox 1084 3697 1143 3766; x_wconf 81' lang='lat' dir='ltr'>ivit,</span> <span class='ocrx_word' id='word_1_451' title='bbox 1193 3689 1309 3756; x_wconf 79' lang='lat' dir='ltr'>solutus,</span> <span class='ocrx_word' id='word_1_452' title='bbox 1333 3689 1372 3743; x_wconf 84' lang='lat' dir='ltr'>itu</span> <span class='ocrx_word' id='word_1_453' title='bbox 1387 3687 1524 3742; x_wconf 76' lang='lat' dir='ltr'>Romanae</span> <span class='ocrx_word' id='word_1_454' title='bbox 1549 3687 1661 3757; x_wconf 83' lang='lat' dir='ltr'>populus</span> <span class='ocrx_word' id='word_1_455' title='bbox 1684 3702 1744 3740; x_wconf 86' lang='lat' dir='ltr'>rum</span> <span class='ocrx_word' id='word_1_456' title='bbox 1769 3685 1946 3740; x_wconf 83' lang='lat' dir='ltr'>benedictione</span> <span class='ocrx_word' id='word_1_457' title='bbox 1966 3703 1984 3740; x_wconf 85' lang='lat' dir='ltr'>o</span> 
     </span>
     <span class='ocr_line' id='line_1_34' title="bbox 353 3779 1983 3857; baseline -0.002 -21"><span class='ocrx_word' id='word_1_458' title='bbox 353 3790 382 3838; x_wconf 92' lang='lat' dir='ltr'>et</span> <span class='ocrx_word' id='word_1_459' title='bbox 394 3797 543 3854; x_wconf 74' lang='lat' dir='ltr'>aggressus</span> <span class='ocrx_word' id='word_1_460' title='bbox 557 3790 657 3837; x_wconf 88' lang='lat' dir='ltr'>esteus</span> <span class='ocrx_word' id='word_1_461' title='bbox 668 3781 703 3837; x_wconf 85' lang='lat' dir='ltr'>ad</span> <span class='ocrx_word' id='word_1_462' title='bbox 719 3781 850 3855; x_wconf 77' lang='lat' dir='ltr'>Epyrurn,</span> <span class='ocrx_word' id='word_1_463' title='bbox 869 3784 948 3840; x_wconf 89' lang='lat' dir='ltr'>etsie</span> <span class='ocrx_word' id='word_1_464' title='bbox 961 3795 1019 3841; x_wconf 88' lang='lat' dir='ltr'>orta</span> <span class='ocrx_word' id='word_1_465' title='bbox 1036 3796 1077 3842; x_wconf 90' lang='lat' dir='ltr'>est</span> <span class='ocrx_word' id='word_1_466' title='bbox 1089 3803 1143 3857; x_wconf 90' lang='lat' dir='ltr'>pu·</span> <span class='ocrx_word' id='word_1_467' title='bbox 1192 3784 1307 3853; x_wconf 80' lang='lat' dir='ltr'>percutis</span> <span class='ocrx_word' id='word_1_468' title='bbox 1329 3780 1466 3836; x_wconf 79' lang='lat' dir='ltr'>absolutus</span> <span class='ocrx_word' id='word_1_469' title='bbox 1485 3780 1600 3836; x_wconf 82' lang='lat' dir='ltr'>incedet.</span> <span class='ocrx_word' id='word_1_470' title='bbox 1621 3779 1699 3847; x_wconf 81' lang='lat' dir='ltr'>Quod</span> <span class='ocrx_word' id='word_1_471' title='bbox 1721 3779 1839 3850; x_wconf 93' lang='lat' dir='ltr'>populus</span> <span class='ocrx_word' id='word_1_472' title='bbox 1856 3779 1983 3847; x_wconf 85' lang='lat' dir='ltr'>audiens,</span> 
     </span>
     <span class='ocr_line' id='line_1_35' title="bbox 353 3871 1986 3948; baseline -0.002 -18"><span class='ocrx_word' id='word_1_473' title='bbox 353 3890 427 3945; x_wconf 88' lang='lat' dir='ltr'>gna;</span> <span class='ocrx_word' id='word_1_474' title='bbox 450 3873 477 3928; x_wconf 91' lang='lat' dir='ltr'>in</span> <span class='ocrx_word' id='word_1_475' title='bbox 500 3889 555 3944; x_wconf 87' lang='lat' dir='ltr'>qua</span> <span class='ocrx_word' id='word_1_476' title='bbox 573 3889 663 3945; x_wconf 88' lang='lat' dir='ltr'>pugna</span> <span class='ocrx_word' id='word_1_477' title='bbox 686 3874 763 3931; x_wconf 85' lang='lat' dir='ltr'>naris</span> <span class='ocrx_word' id='word_1_478' title='bbox 788 3877 897 3948; x_wconf 75' lang='lat' dir='ltr'>regine,</span> <span class='ocrx_word' id='word_1_479' title='bbox 915 3893 977 3947; x_wconf 76' lang='lat' dir='ltr'>quae</span> <span class='ocrx_word' id='word_1_480' title='bbox 1001 3888 1056 3935; x_wconf 83' lang='lat' dir='ltr'>tnta</span> <span class='ocrx_word' id='word_1_481' title='bbox 1083 3891 1144 3937; x_wconf 71' lang='lat' dir='ltr'>erar</span> <span class='ocrx_word' id='word_1_482' title='bbox 1193 3875 1355 3948; x_wconf 77' lang='lat' dir='ltr'>graiissime</span> <span class='ocrx_word' id='word_1_483' title='bbox 1372 3873 1515 3943; x_wconf 88' lang='lat' dir='ltr'>suscepit:</span> <span class='ocrx_word' id='word_1_484' title='bbox 1533 3872 1641 3927; x_wconf 79' lang='grc' dir='ltr'>ιιιιιιιιιι</span> <span class='ocrx_word' id='word_1_485' title='bbox 1657 3887 1733 3942; x_wconf 77' lang='lat' dir='ltr'>pape</span> <span class='ocrx_word' id='word_1_486' title='bbox 1746 3879 1775 3926; x_wconf 91' lang='lat' dir='ltr'>et</span> <span class='ocrx_word' id='word_1_487' title='bbox 1803 3871 1904 3944; x_wconf 70' lang='lat' dir='ltr'>reginae</span> <span class='ocrx_word' id='word_1_488' title='bbox 1918 3885 1986 3927; x_wconf 92' lang='lat' dir='ltr'>con·</span> 
     </span>
     <span class='ocr_line' id='line_1_36' title="bbox 352 3964 1984 4039; baseline 0.001 -21"><span class='ocrx_word' id='word_1_489' title='bbox 352 3966 498 4030; x_wconf 85' lang='lat' dir='ltr'>deaurata,</span> <span class='ocrx_word' id='word_1_490' title='bbox 514 3964 599 4034; x_wconf 86' lang='lat' dir='ltr'>coepit</span> <span class='ocrx_word' id='word_1_491' title='bbox 619 3964 767 4021; x_wconf 87' lang='lat' dir='ltr'>declinare.</span> <span class='ocrx_word' id='word_1_492' title='bbox 792 3966 870 4033; x_wconf 83' lang='lat' dir='ltr'>Quod</span> <span class='ocrx_word' id='word_1_493' title='bbox 895 3968 1031 4026; x_wconf 89' lang='lat' dir='ltr'>Antonius</span> <span class='ocrx_word' id='word_1_494' title='bbox 1046 3972 1143 4030; x_wconf 86' lang='lat' dir='ltr'>ridens</span> <span class='ocrx_word' id='word_1_495' title='bbox 1192 3969 1286 4034; x_wconf 87' lang='lat' dir='ltr'>cessit,</span> <span class='ocrx_word' id='word_1_496' title='bbox 1298 3984 1360 4039; x_wconf 79' lang='lat' dir='ltr'>quae</span> <span class='ocrx_word' id='word_1_497' title='bbox 1372 3966 1514 4022; x_wconf 78' lang='lat' dir='ltr'>fabricarit</span> <span class='ocrx_word' id='word_1_498' title='bbox 1529 3965 1684 4030; x_wconf 88' lang='lat' dir='ltr'>ecclesiam,</span> <span class='ocrx_word' id='word_1_499' title='bbox 1696 3981 1779 4037; x_wconf 86' lang='lat' dir='ltr'>qnam</span> <span class='ocrx_word' id='word_1_500' title='bbox 1787 3965 1905 4020; x_wconf 90' lang='lat' dir='ltr'>domnus</span> <span class='ocrx_word' id='word_1_501' title='bbox 1914 3979 1984 4035; x_wconf 85' lang='lat' dir='ltr'>papa</span> 
     </span>
     <span class='ocr_line' id='line_1_37' title="bbox 352 4056 1981 4135; baseline -0.001 -22"><span class='ocrx_word' id='word_1_502' title='bbox 352 4057 512 4124; x_wconf 85' lang='lat' dir='ltr'>declinarit,</span> <span class='ocrx_word' id='word_1_503' title='bbox 527 4071 609 4128; x_wconf 90' lang='lat' dir='ltr'>quem</span> <span class='ocrx_word' id='word_1_504' title='bbox 625 4057 766 4115; x_wconf 89' lang='lat' dir='ltr'>insecutus</span> <span class='ocrx_word' id='word_1_505' title='bbox 778 4069 820 4115; x_wconf 89' lang='lat' dir='ltr'>est</span> <span class='ocrx_word' id='word_1_506' title='bbox 836 4076 924 4132; x_wconf 90' lang='lat' dir='ltr'>usque</span> <span class='ocrx_word' id='word_1_507' title='bbox 937 4061 1141 4135; x_wconf 79' lang='lat' dir='ltr'>Alexandriani,</span> <span class='ocrx_word' id='word_1_508' title='bbox 1192 4060 1331 4117; x_wconf 87' lang='lat' dir='ltr'>dedicarit</span> <span class='ocrx_word' id='word_1_509' title='bbox 1344 4061 1372 4116; x_wconf 93' lang='lat' dir='ltr'>in</span> <span class='ocrx_word' id='word_1_510' title='bbox 1390 4059 1505 4115; x_wconf 86' lang='lat' dir='ltr'>llalend.</span> <span class='ocrx_word' id='word_1_511' title='bbox 1521 4059 1650 4130; x_wconf 79' lang='lat' dir='ltr'>Augusti,</span> <span class='ocrx_word' id='word_1_512' title='bbox 1676 4058 1749 4113; x_wconf 89' lang='lat' dir='ltr'>sient</span> <span class='ocrx_word' id='word_1_513' title='bbox 1762 4057 1885 4113; x_wconf 76' lang='lat' dir='ltr'>Eudoxio</span> <span class='ocrx_word' id='word_1_514' title='bbox 1899 4056 1981 4112; x_wconf 82' lang='lat' dir='ltr'>Cirri-</span> 
     </span>
     <span class='ocr_line' id='line_1_38' title="bbox 352 4149 1985 4229; baseline 0.001 -25"><span class='ocrx_word' id='word_1_515' title='bbox 352 4150 399 4221; x_wconf 94' lang='lat' dir='ltr'>qui</span> <span class='ocrx_word' id='word_1_516' title='bbox 414 4149 498 4205; x_wconf 91' lang='lat' dir='ltr'>irruit</span> <span class='ocrx_word' id='word_1_517' title='bbox 514 4149 542 4203; x_wconf 91' lang='lat' dir='ltr'>in</span> <span class='ocrx_word' id='word_1_518' title='bbox 564 4149 668 4204; x_wconf 79' lang='lat' dir='ltr'>ferrum</span> <span class='ocrx_word' id='word_1_519' title='bbox 682 4153 857 4222; x_wconf 86' lang='lat' dir='ltr'>etseipsum</span> <span class='ocrx_word' id='word_1_520' title='bbox 873 4155 984 4210; x_wconf 89' lang='lat' dir='ltr'>occidit.</span> <span class='ocrx_word' id='word_1_521' title='bbox 999 4156 1141 4229; x_wconf 81' lang='lat' dir='ltr'>Cleopatra</span> <span class='ocrx_word' id='word_1_522' title='bbox 1192 4153 1361 4211; x_wconf 85' lang='lat' dir='ltr'>stianissinra</span> <span class='ocrx_word' id='word_1_523' title='bbox 1387 4152 1546 4222; x_wconf 84' lang='lat' dir='ltr'>imperatris</span> <span class='ocrx_word' id='word_1_524' title='bbox 1572 4160 1751 4222; x_wconf 87' lang='lat' dir='ltr'>proposuerat</span> <span class='ocrx_word' id='word_1_525' title='bbox 1778 4170 1785 4219; x_wconf 90' lang='lat'>;</span> <span class='ocrx_word' id='word_1_526' title='bbox 1816 4151 1862 4206; x_wconf 93' lang='lat' dir='ltr'>ubi</span> <span class='ocrx_word' id='word_1_527' title='bbox 1892 4151 1985 4221; x_wconf 85' lang='lat' dir='ltr'>posuit</span> 
     </span>
     <span class='ocr_line' id='line_1_39' title="bbox 353 4242 1982 4322; baseline -0.002 -23"><span class='ocrx_word' id='word_1_528' title='bbox 353 4242 757 4302; x_wconf 82' lang='lat' dir='ltr'>autemridensconserrataru</span> <span class='ocrx_word' id='word_1_529' title='bbox 773 4262 864 4320; x_wconf 83' lang='lat' dir='ltr'>sepro</span> <span class='ocrx_word' id='word_1_530' title='bbox 881 4251 1141 4322; x_wconf 77' lang='lat' dir='ltr'>triumplro,0rnara</span> <span class='ocrx_word' id='word_1_531' title='bbox 1191 4255 1304 4301; x_wconf 87' lang='lat' dir='ltr'>catenas</span> <span class='ocrx_word' id='word_1_532' title='bbox 1329 4244 1401 4299; x_wconf 88' lang='lat' dir='ltr'>beati</span> <span class='ocrx_word' id='word_1_533' title='bbox 1433 4243 1506 4300; x_wconf 69' lang='lat' dir='ltr'>l‘etri</span> <span class='ocrx_word' id='word_1_534' title='bbox 1536 4243 1704 4314; x_wconf 82' lang='lat' dir='ltr'>prmliltatas,</span> <span class='ocrx_word' id='word_1_535' title='bbox 1731 4252 1882 4298; x_wconf 88' lang='lat' dir='ltr'>etcatenas</span> <span class='ocrx_word' id='word_1_536' title='bbox 1909 4243 1982 4298; x_wconf 86' lang='lat' dir='ltr'>beuti</span> 
     </span>
     <span class='ocr_line' id='line_1_40' title="bbox 353 4333 1983 4413; baseline 0.009 -23"><span class='ocrx_word' id='word_1_537' title='bbox 353 4350 433 4400; x_wconf 90' lang='lat' dir='ltr'>auro,</span> <span class='ocrx_word' id='word_1_538' title='bbox 449 4334 624 4406; x_wconf 87' lang='lat' dir='ltr'>etlapidibus</span> <span class='ocrx_word' id='word_1_539' title='bbox 637 4339 766 4408; x_wconf 87' lang='lat' dir='ltr'>pretiosis</span> <span class='ocrx_word' id='word_1_540' title='bbox 779 4341 923 4398; x_wconf 84' lang='lat' dir='ltr'>rotuitsna</span> <span class='ocrx_word' id='word_1_541' title='bbox 935 4342 1142 4413; x_wconf 80' lang='lat' dir='ltr'>putetntrudtne</span> <span class='ocrx_word' id='word_1_542' title='bbox 1192 4334 1265 4392; x_wconf 68' lang='lat' dir='ltr'>Petri</span> <span class='ocrx_word' id='word_1_543' title='bbox 1293 4333 1475 4400; x_wconf 61' lang='lat' dir='ltr'>Neronianis,</span> <span class='ocrx_word' id='word_1_544' title='bbox 1502 4345 1529 4390; x_wconf 92' lang='lat' dir='ltr'>et</span> <span class='ocrx_word' id='word_1_545' title='bbox 1556 4334 1627 4389; x_wconf 62' lang='lat' dir='ltr'>billi</span> <span class='ocrx_word' id='word_1_546' title='bbox 1653 4333 1748 4400; x_wconf 59' lang='lat' dir='ltr'>Paulli</span> <span class='ocrx_word' id='word_1_547' title='bbox 1777 4341 1807 4388; x_wconf 73' lang='lat'>¹¹2</span> <span class='ocrx_word' id='word_1_548' title='bbox 1833 4334 1870 4388; x_wconf 65' lang='lat' dir='ltr'>ibi</span> <span class='ocrx_word' id='word_1_549' title='bbox 1895 4348 1983 4404; x_wconf 74' lang='lat' dir='ltr'>l³⁰l¹¹‘</span> 
     </span>
     <span class='ocr_line' id='line_1_41' title="bbox 352 4423 1981 4500; baseline -0.004 -15"><span class='ocrx_word' id='word_1_550' title='bbox 352 4426 983 4500; x_wconf 70' lang='lat' dir='ltr'>0etarianumdecipereetsicntcaererosad</span> <span class='ocrx_word' id='word_1_551' title='bbox 1000 4434 1140 4491; x_wconf 68' lang='lat' dir='ltr'>libidinem</span> <span class='ocrx_word' id='word_1_552' title='bbox 1191 4428 1235 4482; x_wconf 89' lang='lat' dir='ltr'>ins</span> <span class='ocrx_word' id='word_1_553' title='bbox 1257 4425 1400 4482; x_wconf 78' lang='lat' dir='ltr'>Ronlanus</span> <span class='ocrx_word' id='word_1_554' title='bbox 1420 4425 1447 4479; x_wconf 92' lang='lat' dir='ltr'>in</span> <span class='ocrx_word' id='word_1_555' title='bbox 1477 4426 1529 4481; x_wconf 85' lang='lat' dir='ltr'>lroe</span> <span class='ocrx_word' id='word_1_556' title='bbox 1552 4424 1596 4479; x_wconf 89' lang='lat' dir='ltr'>die</span> <span class='ocrx_word' id='word_1_557' title='bbox 1625 4423 1808 4480; x_wconf 79' lang='lat' dir='ltr'>Kalendarum</span> <span class='ocrx_word' id='word_1_558' title='bbox 1835 4424 1981 4481; x_wconf 82' lang='lat' dir='ltr'>Sextilium</span> 
     </span>
     <span class='ocr_line' id='line_1_42' title="bbox 352 4515 1982 4593; baseline -0.002 -19"><span class='ocrx_word' id='word_1_559' title='bbox 352 4521 446 4590; x_wconf 85' lang='lat' dir='ltr'>specie</span> <span class='ocrx_word' id='word_1_560' title='bbox 459 4535 618 4590; x_wconf 79' lang='lat' dir='ltr'>provocare.</span> <span class='ocrx_word' id='word_1_561' title='bbox 635 4520 688 4578; x_wconf 88' lang='lat' dir='ltr'>Sed</span> <span class='ocrx_word' id='word_1_562' title='bbox 704 4537 759 4579; x_wconf 89' lang='lat' dir='ltr'>uon</span> <span class='ocrx_word' id='word_1_563' title='bbox 774 4533 818 4579; x_wconf 88' lang='lat' dir='ltr'>est</span> <span class='ocrx_word' id='word_1_564' title='bbox 830 4524 917 4582; x_wconf 87' lang='lat' dir='ltr'>llerus</span> <span class='ocrx_word' id='word_1_565' title='bbox 930 4544 938 4593; x_wconf 75' lang='grc' dir='ltr'>ς</span> <span class='ocrx_word' id='word_1_566' title='bbox 953 4527 1009 4583; x_wconf 85' lang='lat' dir='ltr'>imo</span> <span class='ocrx_word' id='word_1_567' title='bbox 1023 4543 1082 4583; x_wconf 75' lang='lat' dir='ltr'>eam</span> <span class='ocrx_word' id='word_1_568' title='bbox 1096 4543 1142 4584; x_wconf 68' lang='lat' dir='ltr'>eq.</span> <span class='ocrx_word' id='word_1_569' title='bbox 1191 4517 1323 4581; x_wconf 80' lang='lat' dir='ltr'>corillnat,</span> <span class='ocrx_word' id='word_1_570' title='bbox 1338 4526 1366 4571; x_wconf 89' lang='lat' dir='ltr'>et</span> <span class='ocrx_word' id='word_1_571' title='bbox 1388 4517 1488 4573; x_wconf 89' lang='lat' dir='ltr'>salntet</span> <span class='ocrx_word' id='word_1_572' title='bbox 1512 4525 1625 4572; x_wconf 88' lang='lat' dir='ltr'>ratcuas</span> <span class='ocrx_word' id='word_1_573' title='bbox 1649 4517 1837 4587; x_wconf 89' lang='lat' dir='ltr'>apostolorum</span> <span class='ocrx_word' id='word_1_574' title='bbox 1862 4515 1936 4571; x_wconf 86' lang='lat' dir='ltr'>Petri</span> <span class='ocrx_word' id='word_1_575' title='bbox 1954 4523 1982 4570; x_wconf 91' lang='lat' dir='ltr'>et</span> 
     </span>
     <span class='ocr_line' id='line_1_43' title="bbox 352 4607 1279 4689; baseline 0.01 -22"><span class='ocrx_word' id='word_1_576' title='bbox 352 4612 449 4668; x_wconf 87' lang='lat' dir='ltr'>stodiri</span> <span class='ocrx_word' id='word_1_577' title='bbox 464 4613 602 4684; x_wconf 77' lang='lat' dir='ltr'>praecepit.</span> <span class='ocrx_word' id='word_1_578' title='bbox 611 4612 714 4672; x_wconf 80' lang='lat' dir='ltr'>Videris</span> <span class='ocrx_word' id='word_1_579' title='bbox 728 4616 811 4688; x_wconf 88' lang='lat' dir='ltr'>igitur</span> <span class='ocrx_word' id='word_1_580' title='bbox 821 4633 851 4674; x_wconf 82' lang='lat' dir='ltr'>se</span> <span class='ocrx_word' id='word_1_581' title='bbox 859 4619 1015 4689; x_wconf 86' lang='lat' dir='ltr'>despectam</span> <span class='ocrx_word' id='word_1_582' title='bbox 1030 4620 1142 4677; x_wconf 89' lang='lat' dir='ltr'>intrarit</span> <span class='ocrx_word' id='word_1_583' title='bbox 1190 4607 1279 4665; x_wconf 69' lang='lat' dir='ltr'>Pilbb·</span> 
     </span>
    </p>

    <p class='ocr_par' dir='ltr' id='par_1_3' title="bbox 352 4705 1810 4782">
     <span class='ocr_line' id='line_1_44' title="bbox 352 4705 1810 4782; baseline 0.014 -23"><span class='ocrx_word' id='word_1_584' title='bbox 352 4705 388 4759; x_wconf 88' lang='lat' dir='ltr'>ita</span> <span class='ocrx_word' id='word_1_585' title='bbox 402 4713 502 4760; x_wconf 90' lang='lat' dir='ltr'>ornata</span> <span class='ocrx_word' id='word_1_586' title='bbox 516 4706 689 4762; x_wconf 85' lang='lat' dir='ltr'>mausoleum</span> <span class='ocrx_word' id='word_1_587' title='bbox 702 4709 753 4764; x_wconf 88' lang='lat' dir='ltr'>riri</span> <span class='ocrx_word' id='word_1_588' title='bbox 767 4710 823 4778; x_wconf 86' lang='lat' dir='ltr'>sui,</span> <span class='ocrx_word' id='word_1_589' title='bbox 839 4718 868 4766; x_wconf 92' lang='lat' dir='ltr'>et</span> <span class='ocrx_word' id='word_1_590' title='bbox 878 4712 969 4782; x_wconf 86' lang='lat' dir='ltr'>posuit</span> <span class='ocrx_word' id='word_1_591' title='bbox 983 4713 1016 4768; x_wconf 89' lang='lat' dir='ltr'>ad</span> <span class='ocrx_word' id='word_1_592' title='bbox 1030 4715 1139 4770; x_wconf 89' lang='lat' dir='ltr'>mamil-</span> <span class='ocrx_word' id='word_1_593' title='bbox 1806 4741 1810 4757; x_wconf 88' lang='lat'><strong>·</strong></span> 
     </span>
    </p>

    <p class='ocr_par' dir='ltr' id='par_1_4' title="bbox 350 4788 1980 4967">
     <span class='ocr_line' id='line_1_45' title="bbox 351 4788 1980 4876; baseline 0.002 -33"><span class='ocrx_word' id='word_1_594' title='bbox 351 4797 391 4853; x_wconf 66' lang='lat' dir='ltr'>t„</span> <span class='ocrx_word' id='word_1_595' title='bbox 404 4797 478 4852; x_wconf 67' lang='lat' dir='ltr'>(tuas</span> <span class='ocrx_word' id='word_1_596' title='bbox 491 4795 631 4865; x_wconf 57' lang='lat' dir='ltr'>persinas,</span> <span class='ocrx_word' id='word_1_597' title='bbox 654 4801 727 4870; x_wconf 73' lang='lat' dir='ltr'>quoq</span> <span class='ocrx_word' id='word_1_598' title='bbox 739 4809 783 4857; x_wconf 53' lang='grc' dir='ltr'>ρει</span> <span class='ocrx_word' id='word_1_599' title='bbox 795 4817 882 4872; x_wconf 63' lang='lat' dir='ltr'>genn„</span> <span class='ocrx_word' id='word_1_600' title='bbox 897 4805 1041 4876; x_wconf 52' lang='lat' dir='ltr'>gemmis,</span> <span class='ocrx_word' id='word_1_601' title='bbox 1055 4805 1138 4862; x_wconf 61' lang='lat'>0012.</span> <span class='ocrx_word' id='word_1_602' title='bbox 1227 4792 1308 4845; x_wconf 91' lang='lat' dir='ltr'>Auno</span> <span class='ocrx_word' id='word_1_603' title='bbox 1323 4806 1369 4846; x_wconf 81' lang='lat' dir='ltr'>xer</span> <span class='ocrx_word' id='word_1_604' title='bbox 1389 4789 1531 4846; x_wconf 78' lang='lat' dir='ltr'>Octauiani</span> <span class='ocrx_word' id='word_1_605' title='bbox 1553 4791 1671 4862; x_wconf 75' lang='lat' dir='ltr'>Augusti</span> <span class='ocrx_word' id='word_1_606' title='bbox 1698 4801 1779 4846; x_wconf 86' lang='lat' dir='ltr'>rtatus</span> <span class='ocrx_word' id='word_1_607' title='bbox 1799 4801 1842 4847; x_wconf 88' lang='lat' dir='ltr'>est</span> <span class='ocrx_word' id='word_1_608' title='bbox 1858 4788 1980 4848; x_wconf 88' lang='lat' dir='ltr'>loannes</span> 
     </span>
     <span class='ocr_line' id='line_1_46' title="bbox 350 4881 1980 4967; baseline 0.001 -31"><span class='ocrx_word' id='word_1_609' title='bbox 350 4891 451 4946; x_wconf 57' lang='lat' dir='ltr'>viaque</span> <span class='ocrx_word' id='word_1_610' title='bbox 468 4898 559 4945; x_wconf 68' lang='lat' dir='ltr'>aurem</span> <span class='ocrx_word' id='word_1_611' title='bbox 575 4892 638 4947; x_wconf 69' lang='lat' dir='ltr'>tutta</span> <span class='ocrx_word' id='word_1_612' title='bbox 650 4891 714 4947; x_wconf 61' lang='lat' dir='ltr'>inde</span> <span class='ocrx_word' id='word_1_613' title='bbox 734 4894 868 4950; x_wconf 60' lang='lat' dir='ltr'>inquiram</span> <span class='ocrx_word' id='word_1_614' title='bbox 888 4898 1034 4967; x_wconf 57' lang='lat' dir='ltr'>wopam</span> <span class='ocrx_word' id='word_1_615' title='bbox 1049 4915 1081 4955; x_wconf 62' lang='lat' dir='ltr'>ex</span> <span class='ocrx_word' id='word_1_616' title='bbox 1095 4902 1140 4955; x_wconf 60' lang='lat' dir='ltr'>qqa</span> <span class='ocrx_word' id='word_1_617' title='bbox 1156 4888 1178 4943; x_wconf 86' lang='grc' dir='ltr'>[ι</span> <span class='ocrx_word' id='word_1_618' title='bbox 1192 4881 1326 4952; x_wconf 83' lang='lat' dir='ltr'>Baptista,</span> <span class='ocrx_word' id='word_1_619' title='bbox 1353 4883 1399 4952; x_wconf 93' lang='lat' dir='ltr'>qui</span> <span class='ocrx_word' id='word_1_620' title='bbox 1415 4884 1563 4938; x_wconf 82' lang='lat' dir='ltr'>exsultarit</span> <span class='ocrx_word' id='word_1_621' title='bbox 1584 4884 1611 4936; x_wconf 94' lang='lat' dir='ltr'>in</span> <span class='ocrx_word' id='word_1_622' title='bbox 1630 4892 1709 4938; x_wconf 90' lang='lat' dir='ltr'>uteru</span> <span class='ocrx_word' id='word_1_623' title='bbox 1728 4883 1835 4949; x_wconf 82' lang='lat' dir='ltr'>pratris,</span> <span class='ocrx_word' id='word_1_624' title='bbox 1849 4892 1876 4938; x_wconf 90' lang='lat' dir='ltr'>et</span> <span class='ocrx_word' id='word_1_625' title='bbox 1899 4892 1980 4937; x_wconf 87' lang='lat' dir='ltr'>natus</span> 
     </span>
    </p>
   </div>
   <div class='ocr_carea' id='block_1_3' title="bbox 349 4974 1980 5141">
    <p class='ocr_par' dir='ltr' id='par_1_5' title="bbox 349 4974 1980 5141">
     <span class='ocr_line' id='line_1_47' title="bbox 350 4974 1980 5061; baseline 0.006 -26"><span class='ocrx_word' id='word_1_626' title='bbox 350 4979 477 5046; x_wconf 83' lang='lat' dir='ltr'>victoria,</span> <span class='ocrx_word' id='word_1_627' title='bbox 488 4991 516 5035; x_wconf 91' lang='lat' dir='ltr'>et</span> <span class='ocrx_word' id='word_1_628' title='bbox 532 4980 914 5052; x_wconf 83' lang='lat' dir='ltr'>triumplraritAlexandriam</span> <span class='ocrx_word' id='word_1_629' title='bbox 929 4996 955 5042; x_wconf 88' lang='lat' dir='ltr'>et</span> <span class='ocrx_word' id='word_1_630' title='bbox 972 4988 1138 5061; x_wconf 81' lang='lat' dir='ltr'>AEgyptum‚</span> <span class='ocrx_word' id='word_1_631' title='bbox 1191 4974 1273 5028; x_wconf 45' lang='lat' dir='ltr'>⁸⁰¹*st</span> <span class='ocrx_word' id='word_1_632' title='bbox 1302 4974 1422 5045; x_wconf 60' lang='lat' dir='ltr'>linium</span> <span class='ocrx_word' id='word_1_633' title='bbox 1454 4975 1551 5044; x_wconf 59' lang='lat' dir='ltr'>billis·</span> <span class='ocrx_word' id='word_1_634' title='bbox 1579 4975 1746 5030; x_wconf 66' lang='lat' dir='ltr'>Psil&#39;dlstl&#39;il</span> <span class='ocrx_word' id='word_1_635' title='bbox 1768 4975 1841 5030; x_wconf 63' lang='lat' dir='ltr'>‘blm</span> <span class='ocrx_word' id='word_1_636' title='bbox 1867 4976 1980 5044; x_wconf 64' lang='lat' dir='ltr'>bnill&#39;b&#39;s</span> 
     </span>
     <span class='ocr_line' id='line_1_48' title="bbox 349 5067 1979 5141; baseline 0.002 -21"><span class='ocrx_word' id='word_1_637' title='bbox 349 5079 476 5124; x_wconf 87' lang='lat' dir='ltr'>ettotam</span> <span class='ocrx_word' id='word_1_638' title='bbox 501 5069 639 5138; x_wconf 82' lang='lat' dir='ltr'>regionem</span> <span class='ocrx_word' id='word_1_639' title='bbox 664 5068 795 5137; x_wconf 81' lang='lat' dir='ltr'>Orientis,</span> <span class='ocrx_word' id='word_1_640' title='bbox 808 5080 835 5126; x_wconf 73' lang='lat' dir='ltr'>et</span> <span class='ocrx_word' id='word_1_641' title='bbox 850 5071 887 5127; x_wconf 72' lang='lat' dir='ltr'>ira</span> <span class='ocrx_word' id='word_1_642' title='bbox 911 5073 1076 5132; x_wconf 60' lang='lat' dir='ltr'>victoriosus</span> <span class='ocrx_word' id='word_1_643' title='bbox 1093 5093 1139 5133; x_wconf 67' lang='lat' dir='ltr'>m.</span> <span class='ocrx_word' id='word_1_644' title='bbox 1191 5067 1332 5122; x_wconf 71' lang='lat' dir='ltr'>Zachariae</span> <span class='ocrx_word' id='word_1_645' title='bbox 1347 5069 1482 5125; x_wconf 86' lang='lat' dir='ltr'>sacerdoti</span> <span class='ocrx_word' id='word_1_646' title='bbox 1495 5070 1564 5132; x_wconf 88' lang='lat' dir='ltr'>seni,</span> <span class='ocrx_word' id='word_1_647' title='bbox 1578 5071 1652 5141; x_wconf 83' lang='lat' dir='ltr'>quod</span> <span class='ocrx_word' id='word_1_648' title='bbox 1673 5071 1707 5125; x_wconf 85' lang='lat' dir='ltr'>‹le</span> <span class='ocrx_word' id='word_1_649' title='bbox 1731 5069 1868 5126; x_wconf 78' lang='lat' dir='ltr'>Elisabeth</span> <span class='ocrx_word' id='word_1_650' title='bbox 1893 5070 1979 5125; x_wconf 86' lang='lat' dir='ltr'>sterili</span> 
     </span>
    </p>
   </div>
   <div class='ocr_carea' id='block_1_4' title="bbox 341 5157 1980 6255">
    <p class='ocr_par' dir='ltr' id='par_1_6' title="bbox 342 5157 1980 5973">
     <span class='ocr_line' id='line_1_49' title="bbox 349 5157 1978 5235; baseline 0.012 -23"><span class='ocrx_word' id='word_1_651' title='bbox 349 5176 448 5217; x_wconf 76' lang='lat' dir='ltr'>sersus</span> <span class='ocrx_word' id='word_1_652' title='bbox 460 5169 504 5216; x_wconf 89' lang='lat' dir='ltr'>est</span> <span class='ocrx_word' id='word_1_653' title='bbox 516 5157 643 5216; x_wconf 84' lang='lat' dir='ltr'>Romam.</span> <span class='ocrx_word' id='word_1_654' title='bbox 660 5161 694 5217; x_wconf 82' lang='lat' dir='ltr'>Et</span> <span class='ocrx_word' id='word_1_655' title='bbox 713 5175 898 5235; x_wconf 89' lang='lat' dir='ltr'>susceperunt</span> <span class='ocrx_word' id='word_1_656' title='bbox 911 5182 975 5222; x_wconf 89' lang='lat' dir='ltr'>eum</span> <span class='ocrx_word' id='word_1_657' title='bbox 997 5180 1139 5228; x_wconf 87' lang='lat' dir='ltr'>senatores</span> <span class='ocrx_word' id='word_1_658' title='bbox 1189 5169 1215 5215; x_wconf 68' lang='lat' dir='ltr'>el</span> <span class='ocrx_word' id='word_1_659' title='bbox 1235 5176 1301 5216; x_wconf 64' lang='lat' dir='ltr'>⁸0¹¹ss</span> <span class='ocrx_word' id='word_1_660' title='bbox 1322 5160 1407 5227; x_wconf 71' lang='lat' dir='ltr'>libum</span> <span class='ocrx_word' id='word_1_661' title='bbox 1433 5172 1587 5232; x_wconf 81' lang='lat' dir='ltr'>generaret,</span> <span class='ocrx_word' id='word_1_662' title='bbox 1616 5164 1690 5233; x_wconf 86' lang='lat' dir='ltr'>quod</span> <span class='ocrx_word' id='word_1_663' title='bbox 1715 5163 1781 5234; x_wconf 63' lang='grc' dir='ltr'>(ιῑιῑα</span> <span class='ocrx_word' id='word_1_664' title='bbox 1802 5163 1978 5232; x_wconf 63' lang='grc' dir='ltr'>ἅὶδΰῐθῧῑᾶἰῑ,</span> 
     </span>
     <span class='ocr_line' id='line_1_50' title="bbox 347 5250 1980 5331; baseline -0.001 -21"><span class='ocrx_word' id='word_1_665' title='bbox 347 5263 376 5310; x_wconf 89' lang='lat' dir='ltr'>et</span> <span class='ocrx_word' id='word_1_666' title='bbox 389 5252 485 5310; x_wconf 87' lang='lat' dir='ltr'>omnis</span> <span class='ocrx_word' id='word_1_667' title='bbox 506 5252 623 5324; x_wconf 92' lang='lat' dir='ltr'>populus</span> <span class='ocrx_word' id='word_1_668' title='bbox 635 5251 777 5311; x_wconf 80' lang='lat' dir='ltr'>Romanus</span> <span class='ocrx_word' id='word_1_669' title='bbox 792 5271 855 5312; x_wconf 93' lang='lat' dir='ltr'>curn</span> <span class='ocrx_word' id='word_1_670' title='bbox 874 5273 973 5327; x_wconf 86' lang='lat' dir='ltr'>magno</span> <span class='ocrx_word' id='word_1_671' title='bbox 987 5260 1136 5331; x_wconf 81' lang='lat' dir='ltr'>triumpho.</span> <span class='ocrx_word' id='word_1_672' title='bbox 1190 5250 1279 5308; x_wconf 88' lang='lat' dir='ltr'>lactus</span> <span class='ocrx_word' id='word_1_673' title='bbox 1296 5261 1339 5307; x_wconf 91' lang='lat' dir='ltr'>est</span> <span class='ocrx_word' id='word_1_674' title='bbox 1352 5263 1455 5309; x_wconf 87' lang='lat' dir='ltr'>mutus.</span> <span class='ocrx_word' id='word_1_675' title='bbox 1479 5251 1507 5307; x_wconf 94' lang='lat' dir='ltr'>ln</span> <span class='ocrx_word' id='word_1_676' title='bbox 1527 5262 1605 5309; x_wconf 85' lang='lat' dir='ltr'>setto</span> <span class='ocrx_word' id='word_1_677' title='bbox 1622 5269 1687 5310; x_wconf 89' lang='lat' dir='ltr'>rero</span> <span class='ocrx_word' id='word_1_678' title='bbox 1711 5268 1806 5308; x_wconf 89' lang='lat' dir='ltr'>mense</span> <span class='ocrx_word' id='word_1_679' title='bbox 1820 5254 1922 5309; x_wconf 86' lang='lat' dir='ltr'>missus</span> <span class='ocrx_word' id='word_1_680' title='bbox 1936 5262 1980 5309; x_wconf 89' lang='lat' dir='ltr'>est</span> 
     </span>
     <span class='ocr_line' id='line_1_51' title="bbox 347 5344 1976 5421; baseline 0.007 -21"><span class='ocrx_word' id='word_1_681' title='bbox 347 5345 381 5400; x_wconf 85' lang='grc' dir='ltr'>ιι</span> <span class='ocrx_word' id='word_1_682' title='bbox 402 5346 469 5417; x_wconf 77' lang='lat' dir='ltr'>quta</span> <span class='ocrx_word' id='word_1_683' title='bbox 496 5345 745 5402; x_wconf 66' lang='lat' dir='ltr'>attererentur</span> <span class='ocrx_word' id='word_1_684' title='bbox 762 5348 790 5402; x_wconf 78' lang='lat' dir='ltr'>tn</span> <span class='ocrx_word' id='word_1_685' title='bbox 819 5347 968 5407; x_wconf 62' lang='lat' dir='ltr'>&amp;sistrum</span> <span class='ocrx_word' id='word_1_686' title='bbox 998 5352 1136 5421; x_wconf 63' lang='lat' dir='ltr'>ratenus.</span> <span class='ocrx_word' id='word_1_687' title='bbox 1190 5347 1310 5417; x_wconf 70' lang='lat' dir='ltr'>eureus</span> <span class='ocrx_word' id='word_1_688' title='bbox 1325 5344 1435 5401; x_wconf 77' lang='lat' dir='ltr'>ranno</span> <span class='ocrx_word' id='word_1_689' title='bbox 1451 5345 1479 5400; x_wconf 79' lang='lat' dir='ltr'>io</span> <span class='ocrx_word' id='word_1_690' title='bbox 1495 5346 1632 5401; x_wconf 76' lang='lat' dir='ltr'>curnem</span> <span class='ocrx_word' id='word_1_691' title='bbox 1647 5344 1782 5401; x_wconf 73' lang='lat' dir='ltr'>Nazareth</span> <span class='ocrx_word' id='word_1_692' title='bbox 1798 5346 1832 5400; x_wconf 78' lang='lat' dir='ltr'>ad</span> <span class='ocrx_word' id='word_1_693' title='bbox 1845 5346 1976 5411; x_wconf 78' lang='lat' dir='ltr'>virriuerr</span> 
     </span>
     <span class='ocr_line' id='line_1_52' title="bbox 346 5436 1977 5519; baseline -0.001 -25"><span class='ocrx_word' id='word_1_694' title='bbox 346 5439 541 5510; x_wconf 82' lang='lat' dir='ltr'>posueruntei</span> <span class='ocrx_word' id='word_1_695' title='bbox 555 5440 642 5495; x_wconf 89' lang='lat' dir='ltr'>mensi</span> <span class='ocrx_word' id='word_1_696' title='bbox 662 5455 761 5496; x_wconf 84' lang='lat' dir='ltr'>norrren</span> <span class='ocrx_word' id='word_1_697' title='bbox 787 5439 937 5513; x_wconf 87' lang='lat' dir='ltr'>Augustus.</span> <span class='ocrx_word' id='word_1_698' title='bbox 963 5444 999 5500; x_wconf 84' lang='lat' dir='ltr'>ab</span> <span class='ocrx_word' id='word_1_699' title='bbox 1014 5449 1138 5519; x_wconf 86' lang='lat' dir='ltr'>augendo</span> <span class='ocrx_word' id='word_1_700' title='bbox 1188 5437 1303 5494; x_wconf 84' lang='lat' dir='ltr'>llariam</span> <span class='ocrx_word' id='word_1_701' title='bbox 1317 5440 1511 5509; x_wconf 87' lang='lat' dir='ltr'>desponsatam</span> <span class='ocrx_word' id='word_1_702' title='bbox 1533 5436 1646 5508; x_wconf 87' lang='lat' dir='ltr'>loseplr,</span> <span class='ocrx_word' id='word_1_703' title='bbox 1670 5439 1784 5494; x_wconf 84' lang='lat' dir='ltr'>dicens:</span> <span class='ocrx_word' id='word_1_704' title='bbox 1800 5441 1853 5493; x_wconf 84' lang='lat' dir='ltr'>Are</span> <span class='ocrx_word' id='word_1_705' title='bbox 1877 5437 1977 5507; x_wconf 86' lang='lat' dir='ltr'>llario,</span> 
     </span>
     <span class='ocr_line' id='line_1_53' title="bbox 346 5529 1978 5606; baseline 0.002 -22"><span class='ocrx_word' id='word_1_706' title='bbox 346 5529 567 5603; x_wconf 87' lang='lat' dir='ltr'>llempublicaur.</span> <span class='ocrx_word' id='word_1_707' title='bbox 579 5529 748 5596; x_wconf 79' lang='lat' dir='ltr'>statuerunt,</span> <span class='ocrx_word' id='word_1_708' title='bbox 761 5541 790 5586; x_wconf 91' lang='lat' dir='ltr'>ut</span> <span class='ocrx_word' id='word_1_709' title='bbox 799 5534 873 5588; x_wconf 91' lang='lat' dir='ltr'>omni</span> <span class='ocrx_word' id='word_1_710' title='bbox 887 5549 961 5590; x_wconf 92' lang='lat' dir='ltr'>anno</span> <span class='ocrx_word' id='word_1_711' title='bbox 969 5535 996 5589; x_wconf 92' lang='lat' dir='ltr'>in</span> <span class='ocrx_word' id='word_1_712' title='bbox 1008 5534 1138 5595; x_wconf 86' lang='lat' dir='ltr'>linlendis</span> <span class='ocrx_word' id='word_1_713' title='bbox 1188 5536 1278 5606; x_wconf 82' lang='lat' dir='ltr'>gratia</span> <span class='ocrx_word' id='word_1_714' title='bbox 1293 5534 1381 5603; x_wconf 85' lang='lat' dir='ltr'>pleno,</span> <span class='ocrx_word' id='word_1_715' title='bbox 1396 5533 1525 5586; x_wconf 82' lang='lat' dir='ltr'>Dominus</span> <span class='ocrx_word' id='word_1_716' title='bbox 1541 5541 1637 5598; x_wconf 81' lang='lat' dir='ltr'>terum,</span> <span class='ocrx_word' id='word_1_717' title='bbox 1655 5544 1720 5598; x_wconf 77' lang='lat' dir='ltr'>etc..</span> <span class='ocrx_word' id='word_1_718' title='bbox 1735 5541 1766 5586; x_wconf 90' lang='lat' dir='ltr'>ut</span> <span class='ocrx_word' id='word_1_719' title='bbox 1787 5531 1814 5586; x_wconf 89' lang='lat' dir='ltr'>in</span> <span class='ocrx_word' id='word_1_720' title='bbox 1831 5530 1978 5604; x_wconf 83' lang='lat' dir='ltr'>Evangelio</span> 
     </span>
     <span class='ocr_line' id='line_1_54' title="bbox 344 5621 1978 5697; baseline 0.002 -20"><span class='ocrx_word' id='word_1_721' title='bbox 344 5621 466 5694; x_wconf 86' lang='lat' dir='ltr'>Augusti</span> <span class='ocrx_word' id='word_1_722' title='bbox 477 5629 535 5676; x_wconf 89' lang='lat' dir='ltr'>tota</span> <span class='ocrx_word' id='word_1_723' title='bbox 547 5621 644 5677; x_wconf 80' lang='lat' dir='ltr'>civitas</span> <span class='ocrx_word' id='word_1_724' title='bbox 655 5623 726 5679; x_wconf 87' lang='lat' dir='ltr'>lranc</span> <span class='ocrx_word' id='word_1_725' title='bbox 739 5622 914 5681; x_wconf 87' lang='lat' dir='ltr'>iestiritetem</span> <span class='ocrx_word' id='word_1_726' title='bbox 931 5626 1004 5683; x_wconf 92' lang='lat' dir='ltr'>illius</span> <span class='ocrx_word' id='word_1_727' title='bbox 1016 5628 1137 5685; x_wconf 70' lang='lat' dir='ltr'>sieten-ie</span> <span class='ocrx_word' id='word_1_728' title='bbox 1188 5628 1345 5683; x_wconf 81' lang='lat' dir='ltr'>coritinctur</span> <span class='ocrx_word' id='word_1_729' title='bbox 1360 5625 1436 5697; x_wconf 78' lang='lat' dir='ltr'>(Aac.</span> <span class='ocrx_word' id='word_1_730' title='bbox 1457 5627 1487 5695; x_wconf 89' lang='lat' dir='ltr'>r).</span> <span class='ocrx_word' id='word_1_731' title='bbox 1504 5624 1553 5680; x_wconf 89' lang='lat' dir='ltr'>llis</span> <span class='ocrx_word' id='word_1_732' title='bbox 1566 5627 1734 5696; x_wconf 91' lang='lat' dir='ltr'>temporibus</span> <span class='ocrx_word' id='word_1_733' title='bbox 1744 5625 1897 5691; x_wconf 76' lang='lat' dir='ltr'>Octaviani,</span> <span class='ocrx_word' id='word_1_734' title='bbox 1914 5624 1978 5680; x_wconf 89' lang='lat' dir='ltr'>lon-</span> 
     </span>
     <span class='ocr_line' id='line_1_55' title="bbox 343 5713 1976 5791; baseline 0 -17"><span class='ocrx_word' id='word_1_735' title='bbox 343 5719 378 5774; x_wconf 88' lang='lat' dir='ltr'>ad</span> <span class='ocrx_word' id='word_1_736' title='bbox 395 5719 534 5774; x_wconf 85' lang='lat' dir='ltr'>bonorem</span> <span class='ocrx_word' id='word_1_737' title='bbox 545 5713 685 5771; x_wconf 75' lang='lat' dir='ltr'>Octaviani</span> <span class='ocrx_word' id='word_1_738' title='bbox 700 5715 826 5781; x_wconf 69' lang='lat' dir='ltr'>Cesaris,</span> <span class='ocrx_word' id='word_1_739' title='bbox 837 5727 866 5773; x_wconf 89' lang='lat' dir='ltr'>et</span> <span class='ocrx_word' id='word_1_740' title='bbox 882 5730 937 5775; x_wconf 87' lang='lat' dir='ltr'>tota</span> <span class='ocrx_word' id='word_1_741' title='bbox 949 5717 1021 5775; x_wconf 89' lang='lat' dir='ltr'>Urbs</span> <span class='ocrx_word' id='word_1_742' title='bbox 1041 5721 1138 5778; x_wconf 85' lang='lat' dir='ltr'>llorcat</span> <span class='ocrx_word' id='word_1_743' title='bbox 1188 5728 1242 5774; x_wconf 80' lang='lat' dir='ltr'>tern</span> <span class='ocrx_word' id='word_1_744' title='bbox 1256 5720 1308 5774; x_wconf 87' lang='lat' dir='ltr'>olei</span> <span class='ocrx_word' id='word_1_745' title='bbox 1324 5734 1452 5774; x_wconf 83' lang='lat' dir='ltr'>marrusse</span> <span class='ocrx_word' id='word_1_746' title='bbox 1463 5720 1496 5774; x_wconf 91' lang='lat' dir='ltr'>de</span> <span class='ocrx_word' id='word_1_747' title='bbox 1510 5717 1681 5775; x_wconf 84' lang='lat' dir='ltr'>Trartstiberi</span> <span class='ocrx_word' id='word_1_748' title='bbox 1699 5735 1786 5791; x_wconf 85' lang='lat' dir='ltr'>usque</span> <span class='ocrx_word' id='word_1_749' title='bbox 1801 5719 1830 5774; x_wconf 92' lang='lat' dir='ltr'>in</span> <span class='ocrx_word' id='word_1_750' title='bbox 1845 5716 1976 5786; x_wconf 86' lang='lat' dir='ltr'>Tiberim,</span> 
     </span>
     <span class='ocr_line' id='line_1_56' title="bbox 342 5805 1978 5885; baseline 0.003 -21"><span class='ocrx_word' id='word_1_751' title='bbox 342 5818 370 5864; x_wconf 87' lang='lat' dir='ltr'>ct</span> <span class='ocrx_word' id='word_1_752' title='bbox 386 5805 510 5881; x_wconf 81' lang='lat' dir='ltr'>gaudeat</span> <span class='ocrx_word' id='word_1_753' title='bbox 523 5805 551 5861; x_wconf 91' lang='lat' dir='ltr'>in</span> <span class='ocrx_word' id='word_1_754' title='bbox 569 5817 643 5862; x_wconf 91' lang='lat' dir='ltr'>tanta</span> <span class='ocrx_word' id='word_1_755' title='bbox 659 5807 816 5864; x_wconf 75' lang='lat' dir='ltr'>testivitate.</span> <span class='ocrx_word' id='word_1_756' title='bbox 1187 5820 1240 5867; x_wconf 90' lang='lat' dir='ltr'>ete</span> <span class='ocrx_word' id='word_1_757' title='bbox 1253 5812 1366 5868; x_wconf 87' lang='lat' dir='ltr'>taberna</span> <span class='ocrx_word' id='word_1_758' title='bbox 1387 5811 1526 5868; x_wconf 88' lang='lat' dir='ltr'>meritoria</span> <span class='ocrx_word' id='word_1_759' title='bbox 1541 5827 1590 5882; x_wconf 90' lang='lat' dir='ltr'>per</span> <span class='ocrx_word' id='word_1_760' title='bbox 1604 5823 1689 5867; x_wconf 88' lang='lat' dir='ltr'>totam</span> <span class='ocrx_word' id='word_1_761' title='bbox 1701 5813 1772 5869; x_wconf 91' lang='lat' dir='ltr'>diem</span> <span class='ocrx_word' id='word_1_762' title='bbox 1788 5831 1795 5881; x_wconf 91' lang='lat'>;</span> <span class='ocrx_word' id='word_1_763' title='bbox 1817 5812 1978 5885; x_wconf 78' lang='lat' dir='ltr'>significans</span> 
     </span>
     <span class='ocr_line' id='line_1_57' title="bbox 1187 5900 1977 5973; baseline -0.001 -16"><span class='ocrx_word' id='word_1_764' title='bbox 1187 5903 1304 5973; x_wconf 88' lang='lat' dir='ltr'>gratiam</span> <span class='ocrx_word' id='word_1_765' title='bbox 1328 5901 1432 5956; x_wconf 81' lang='lat' dir='ltr'>Cirristi</span> <span class='ocrx_word' id='word_1_766' title='bbox 1459 5902 1648 5973; x_wconf 84' lang='lat' dir='ltr'>exgentibus.</span> <span class='ocrx_word' id='word_1_767' title='bbox 1672 5901 1706 5957; x_wconf 82' lang='grc' dir='ltr'>Ιίι</span> <span class='ocrx_word' id='word_1_768' title='bbox 1720 5902 1842 5959; x_wconf 88' lang='lat' dir='ltr'>circulus</span> <span class='ocrx_word' id='word_1_769' title='bbox 1867 5900 1901 5956; x_wconf 84' lang='lat' dir='ltr'>ad</span> <span class='ocrx_word' id='word_1_770' title='bbox 1915 5917 1977 5973; x_wconf 88' lang='lat' dir='ltr'>spe·</span> 
     </span>
    </p>

    <p class='ocr_par' dir='ltr' id='par_1_7' title="bbox 341 5995 1976 6163">
     <span class='ocr_line' id='line_1_58' title="bbox 341 5995 1976 6088; baseline -0.01 -20"><span class='ocrx_word' id='word_1_771' title='bbox 341 6012 567 6068; x_wconf 71' lang='lat' dir='ltr'>Additamentrrm</span> <span class='ocrx_word' id='word_1_772' title='bbox 581 6015 743 6083; x_wconf 81' lang='lat' dir='ltr'>posterioris,</span> <span class='ocrx_word' id='word_1_773' title='bbox 758 6017 804 6071; x_wconf 83' lang='lat' dir='ltr'>red</span> <span class='ocrx_word' id='word_1_774' title='bbox 817 6019 921 6088; x_wconf 81' lang='lat' dir='ltr'>antiqui</span> <span class='ocrx_word' id='word_1_775' title='bbox 947 6021 1084 6088; x_wconf 57' lang='lat' dir='ltr'>scriptore,</span> <span class='ocrx_word' id='word_1_776' title='bbox 1100 6021 1135 6074; x_wconf 63' lang='lat' dir='ltr'>,p</span> <span class='ocrx_word' id='word_1_777' title='bbox 1187 5998 1257 6052; x_wconf 91' lang='lat' dir='ltr'>ciem</span> <span class='ocrx_word' id='word_1_778' title='bbox 1273 5995 1395 6052; x_wconf 88' lang='lat' dir='ltr'>coelestis</span> <span class='ocrx_word' id='word_1_779' title='bbox 1409 6011 1490 6051; x_wconf 79' lang='lat' dir='ltr'>:treus</span> <span class='ocrx_word' id='word_1_780' title='bbox 1512 5997 1584 6051; x_wconf 90' lang='lat' dir='ltr'>circa</span> <span class='ocrx_word' id='word_1_781' title='bbox 1600 5996 1686 6052; x_wconf 89' lang='lat' dir='ltr'>solem</span> <span class='ocrx_word' id='word_1_782' title='bbox 1701 5997 1838 6068; x_wconf 87' lang='lat' dir='ltr'>apparuit,</span> <span class='ocrx_word' id='word_1_783' title='bbox 1853 5997 1976 6067; x_wconf 75' lang='lat' dir='ltr'>eiusdem</span> 
     </span>
     <span class='ocr_line' id='line_1_59' title="bbox 491 6082 1974 6163; baseline 0.005 -25"><span class='ocrx_word' id='word_1_784' title='bbox 491 6082 631 6140; x_wconf 84' lang='lat' dir='ltr'>cirronicon</span> <span class='ocrx_word' id='word_1_785' title='bbox 645 6084 749 6141; x_wconf 85' lang='lat' dir='ltr'>Sicnrrii</span> <span class='ocrx_word' id='word_1_786' title='bbox 765 6087 793 6140; x_wconf 91' lang='lat' dir='ltr'>in</span> <span class='ocrx_word' id='word_1_787' title='bbox 810 6089 900 6144; x_wconf 79' lang='lat' dir='ltr'>codice</span> <span class='ocrx_word' id='word_1_788' title='bbox 913 6087 1027 6145; x_wconf 69' lang='lat' dir='ltr'>liciensi.</span> <span class='ocrx_word' id='word_1_789' title='bbox 1187 6090 1280 6163; x_wconf 75' lang='lat' dir='ltr'>gratie</span> <span class='ocrx_word' id='word_1_790' title='bbox 1294 6087 1501 6158; x_wconf 82' lang='lat' dir='ltr'>signillcatirus.</span> <span class='ocrx_word' id='word_1_791' title='bbox 1513 6088 1692 6160; x_wconf 81' lang='lat' dir='ltr'>Temporibus</span> <span class='ocrx_word' id='word_1_792' title='bbox 1705 6088 1822 6146; x_wconf 80' lang='lat' dir='ltr'>Caesaris</span> <span class='ocrx_word' id='word_1_793' title='bbox 1833 6088 1974 6146; x_wconf 83' lang='lat' dir='ltr'>Octaviani</span> 
     </span>
    </p>

    <p class='ocr_par' dir='ltr' id='par_1_8' title="bbox 380 6172 1974 6255">
     <span class='ocr_line' id='line_1_60' title="bbox 380 6172 1974 6255; baseline 0.005 -25"><span class='ocrx_word' id='word_1_794' title='bbox 380 6172 434 6232; x_wconf 85' lang='lat' dir='ltr'>liic</span> <span class='ocrx_word' id='word_1_795' title='bbox 457 6174 527 6232; x_wconf 86' lang='lat' dir='ltr'>ritus</span> <span class='ocrx_word' id='word_1_796' title='bbox 554 6176 709 6246; x_wconf 82' lang='lat' dir='ltr'>perdurarit</span> <span class='ocrx_word' id='word_1_797' title='bbox 724 6193 812 6251; x_wconf 87' lang='lat' dir='ltr'>usqne</span> <span class='ocrx_word' id='word_1_798' title='bbox 828 6177 862 6235; x_wconf 86' lang='lat' dir='ltr'>atl</span> <span class='ocrx_word' id='word_1_799' title='bbox 887 6181 996 6238; x_wconf 85' lang='lat' dir='ltr'>Arcadii</span> <span class='ocrx_word' id='word_1_800' title='bbox 1010 6182 1061 6240; x_wconf 87' lang='lat' dir='ltr'>riri</span> <span class='ocrx_word' id='word_1_801' title='bbox 1080 6181 1134 6241; x_wconf 79' lang='lat' dir='ltr'>liu·</span> <span class='ocrx_word' id='word_1_802' title='bbox 1187 6181 1302 6255; x_wconf 85' lang='lat' dir='ltr'>Augusti</span> <span class='ocrx_word' id='word_1_803' title='bbox 1318 6179 1456 6239; x_wconf 75' lang='lat' dir='ltr'>falcidius</span> <span class='ocrx_word' id='word_1_804' title='bbox 1477 6182 1562 6254; x_wconf 89' lang='lat' dir='ltr'>legem</span> <span class='ocrx_word' id='word_1_805' title='bbox 1583 6182 1655 6250; x_wconf 83' lang='lat' dir='ltr'>ttrlit,</span> <span class='ocrx_word' id='word_1_806' title='bbox 1673 6197 1734 6254; x_wconf 73' lang='lat' dir='ltr'>quae</span> <span class='ocrx_word' id='word_1_807' title='bbox 1749 6181 1870 6240; x_wconf 76' lang='lat' dir='ltr'>Falcidia</span> <span class='ocrx_word' id='word_1_808' title='bbox 1885 6182 1974 6240; x_wconf 89' lang='lat' dir='ltr'>nomi·</span> 
     </span>
    </p>
   </div>
   <div class='ocr_carea' id='block_1_5' title="bbox 0 0 2568 7059">
    <p class='ocr_par' dir='ltr' id='par_1_9' title="bbox 0 0 2568 7059">
     <span class='ocr_line' id='line_1_61' title="bbox 0 0 2568 7059; baseline 0 7"><span class='ocrx_word' id='word_1_809' title='bbox 0 0 2568 7059; x_wconf 95' lang='lat' dir='ltr'> </span> 
     </span>
    </p>
   </div>
  </div>
 </body>
</html>
