5125 7059
368 732 421 789 783

883 713 1092 773 'ilidii'l'd'lUS
1111 705 1295 765 tui‘ettstis
1317 701 1477 759 tuendum.

1947 693 1997 750 tte

368 844 457 917 tlsqse
470 859 539 899 entra·
551 841 586 896 od
599 841 851 895 conasuutnmtionem
865 834 956 889 eunardi
966 843 990 889 et
1003 835 1081 903 darem
1097 847 1156 901 per·
1170 837 1193 894 Α
1206 823 1287 879 uratia
1302 835 1351 891 pro
1365 825 1468 888 septem
1482 829 1564 871 annas
1577 823 1736 884 eoauputare
1750 811 1891 875 debemus,
1911 819 1942 864 ω
1953 826 1996 866 ⁸⁰·

364 937 495 994 serenabit
507 934 637 991 desolatio
652 933 734 1007 (bata.
750 932 798 1003 aa).

400 1028 446 1085 lb.
466 1027 529 1084 tiae
543 1025 651 1082 Gabriel
665 1026 790 1094 angelus.
809 1023 929 1078 licentra
943 1020 1070 1075 iudaeus:
1087 1016 1155 1088 Sep-

363 1123 501 1194 tuaginta,
515 1120 620 1192 iuquit,
646 1117 829 1173 hebdomades
851 1128 1022 1187 nequaquam
1038 1111 1155 1182 itupiette

363 1224 441 1270 suut.
456 1213 479 1270 0
492 1221 574 1284 caput
585 1212 713 1267 insauutu
723 1211 731 1275 t
741 1223 834 1264 nonne
847 1206 1013 1276 completum
1027 1200 1154 1272 estquod

362 1309 392 1363 in
415 1306 468 1362 tine
489 1302 721 1361 itetadumadarum
738 1302 852 1372 augelus
869 1298 992 1370 praestituit
1006 1312 1068 1351 csse
1080 1293 1154 1346 tartan-

362 1401 446 1455 ruual
458 1399 490 1454 in
503 1396 600 1460 medio,
617 1397 718 1467 inquit,
734 1392 907 1448 hebdomadis
918 1391 1021 1459 deficiet
1032 1388 1119 1441 iniistia
1127 1395 1153 1441 ct

364 1494 529 1562 sacrificinm
540 1490 641 1564 (tite).
656 1490 751 1545 Nonne
766 1489 896 1559 tempium
909 1482 1040 1555 usquead
1056 1481 1153 1535 litanda·

362 1594 457 1641 tneuta
472 1585 645 1641 destructum
660 1591 712 1646 est,
728 1591 756 1637 et
771 1580 931 1636 deiecerant
950 1575 1152 1632 iaanmotatieues

362 1678 528 1742 bestiarum,
553 1692 662 1733 necnon
677 1683 705 1730 ιι
724 1672 891 1729 sacrilaeimu
908 1681 963 1725 tarn
987 1668 1151 1723 matutinum

360 1784 445 1840 quam
458 1768 663 1838 uespertinum?
672 1764 748 1829 Esto,
763 1764 787 1820 si
799 1763 931 1825 vetareris,
944 1760 1033 1815 adbuc
1044 1767 1151 1829 tempus

362 1860 596 1917 hebdomadarum
611 1873 722 1915 manere
734 1871 880 1913 :annueres
893 1871 909 1910 a
920 1854 964 1910 die
978 1869 1032 1925 qua
1047 1852 1150 1908 Danieli

361 1954 471 2010 toranus
483 1962 526 2011 est
538 1955 663 2026 augelus,
674 1959 810 2023 eruntque
824 1950 889 2004 anni
901 1949 974 2005 mille
987 1948 1151 2018 septingenti

361 2046 458 2116 uiginti
474 2061 523 2101 ses
538 2054 565 2101 et
579 2060 612 2100 ee
631 2045 761 2115 amptius.
775 2041 907 2098 Revotuat
922 2039 1044 2111 prudens
1066 2038 1151 2093 tector

359 2155 394 2194 ea
407 2155 469 2210 quse
494 2140 623 2211 superius
640 2137 714 2194 dicta
736 2145 812 2200 sunt,
832 2136 960 2191 uidelicet
970 2147 1059 2188 annos
1073 2133 1149 2203 regui

359 2232 509 2289 Persarum
525 2241 607 2304 atquo
621 2230 812 2295 btaoedaaaaua,
837 2244 944 2284 aaeetaou
958 2236 986 2283 et
1009 2226 1148 2296 degusto·
1164 2245 1185 2300 b

359 2340 422 2380 rum
446 2323 631 2381 Romanorum
656 2337 744 2394 usque
768 2321 802 2377 ad
823 2320 969 2375 adventum
985 2317 1101 2380 Christi,
1120 2323 1150 2370 ot

360 2423 426 2486 post
440 2415 588 2471 artnentum
599 2414 661 2484 ejus
681 2423 748 2484 quot
771 2411 835 2468 ataid
847 2411 1011 2475 effluxerint,
1027 2418 1054 2465 ct
1069 2406 1150 2462 tacite

362 2507 585 2564 anaiauaduertere
595 2507 696 2578 poterit
709 2515 811 2578 quanta
823 2505 942 2562 iatsitate
965 2510 1086 2560 enecatus
1098 2501 1148 2568 sis,

358 2608 406 2672 qui
418 2603 553 2660 ducentas
568 2605 766 2676 quinquaginta
791 2617 840 2658 ses
865 2599 1052 2657 hebdomades
1073 2606 1101 2655 et
1115 2614 1148 2654 ee

359 2699 478 2769 amplius
492 2713 542 2770 pre
568 2699 740 2769 septuaginta
765 2702 927 2766 computare
947 2695 1068 2750 conaris.
1093 2691 1147 2748 Sed

359 2806 450 2861 neque
464 2791 606 2862 angelicus
618 2807 709 2846 sermo
719 2789 857 2846 consentit
871 2789 898 2843 in
911 2789 973 2855 inec,
989 2798 1019 2842 ιιι
1030 2787 1077 2842 tati
1092 2795 1148 2842 ter·

358 2887 436 2940 anniano
446 2884 548 2940 debeas
575 2897 697 2956 tempora
711 2884 839 2939 dittiuire.
856 2881 902 2936 dit
917 2895 1055 2953 namque:
1074 2880 1147 2935 Soita

357 2989 383 3032 et
397 2978 577 3032 animadverte
596 2977 629 3032 alt
640 2978 712 3032 eritas
724 2977 864 3039 sermonis,
883 2985 911 3028 stt
922 2976 1018 3029 itcratsn
1032 2974 1148 3042 srdidae·

359 3069 565 3125 taarlcrssalem
579 3071 679 3141 (ibid).
701 3071 753 3135 Qui
772 3071 858 3138 prius.
890 3069 994 3136 itaquis,
1012 3067 1147 3122 visionem

358 3162 511 3234 intelligere
522 3162 648 3218 Ιιοιιιιιιι
661 3178 733 3225 snm,
745 3163 844 3217 iterum
853 3169 880 3217 te
893 3162 927 3216 ad
940 3160 1147 3231 intelligentiam

357 3254 565 3324 profundiorem
586 3271 717 3326 prouoco,
733 3263 763 3309 ut
778 3254 947 3324 scissaque
962 3261 1084 3322 terramare
1096 3267 1148 3305 aau-

359 3362 455 3403 auerus
470 3347 702 3404 hebdomadarum
720 3347 803 3418 incipi
816 3347 921 3401 debeat.
942 3345 1015 3400 Scito
1031 3361 1107 3415 ergo,
1120 3342 1146 3396 id

355 3444 399 3492 est
413 3451 464 3507 pro
478 3445 554 3492 certe
567 3437 680 3504 habene,
696 3445 721 3491 et
732 3434 987 3501 animadvertebam
998 3440 1041 3490 est
1055 3434 1147 3486 uanitate

356 3531 456 3598 retine,
471 3528 544 3601 quod
560 3531 596 3585 ab
606 3529 681 3586 exitu
698 3528 834 3585 sermonis
849 3545 905 3600 quo
920 3528 1018 3584 iterum
1030 3524 1147 3581 melissea·

356 3632 402 3678 tur
416 3622 578 3687 Jerusalem,
590 3623 723 3680 subaudis
739 3621 972 3677 hebdomadarum
986 3618 1067 3674 debet
1091 3616 1143 3672 ini·

355 3716 425 3769 tium
439 3714 521 3776 suaui,
534 3729 588 3768 aiau
599 3714 634 3767 ab
646 3729 680 3768 eo
691 3719 813 3781 tatemere
825 3727 890 3781 quo,
902 3709 988 3780 prima
1004 3707 1147 3778 indulgeu-

356 3807 394 3860 tia
408 3808 484 3873 cyri,
507 3806 664 3861 iudeorum
680 3813 722 3860 est
745 3807 834 3860 laxata
859 3803 1023 3874 eaptivitas,
1048 3811 1075 3855 et
1097 3818 1144 3870 pe·

356 3899 453 3954 missio
467 3898 530 3953 data
540 3907 583 3954 est
596 3899 631 3953 ab
648 3899 743 3953 codena
757 3899 830 3968 Cyru
845 3897 974 3967 temptum
985 3894 1144 3949 exstruendi

356 4008 507 4063 arrianosque
517 3991 637 4046 civitatis
647 4010 655 4059 ;
667 3993 715 4047 sei
732 3991 766 4046 ab
783 3991 831 4046 ille
843 3991 919 4046 exitu
939 3988 1076 4044 seruaouis
1090 4003 1145 4057 que

355 4085 467 4148 iteranu,
484 4084 537 4139 taoc
550 4091 594 4139 est
608 4083 664 4137 alie
673 4089 805 4153 teaaapore,
819 4081 1143 4141 ierusaieutaeditiaetur,

355 4175 638 4246 anaanitestedcsignat
651 4174 759 4246 imperii
773 4173 934 4229 Artaxerxis
948 4171 1021 4244 regis
1040 4187 1144 4226 aantauau

354 4269 530 4324 uicesimum.
547 4266 694 4324 Neiaemias
709 4267 903 4340 quippebuJus
917 4268 1058 4336 piueerna,
1073 4264 1145 4320 sicut

355 4361 384 4415 iu
399 4359 496 4417 Esdrae
506 4361 577 4416 libro
592 4361 720 4432 tegimus,
741 4359 846 4430 rogauit
867 4373 970 4427 regent,
984 4357 1145 4427 accepitque

355 4469 531 4525 responsum,
556 4449 953 4508 utaedidcareturlerusaictn.
978 4447 1010 4503 tt
1035 4450 1087 4503 iste
1102 4456 1145 4502 est

353 4560 486 4617 egressus
507 4561 599 4601 serram
614 4546 754 4601 ennead-a
777 4545 865 4608 urbis,
891 4555 918 4599 ct
941 4540 1145 4598 citeaundaudaa

353 4637 513 4693 murisdata
528 4638 653 4706 licentia;
665 4654 742 4709 aquo
753 4648 874 4708 teaaapore
885 4637 948 4708 quia
961 4636 1037 4706 prius
1049 4634 1145 4706 aCyro

353 4729 443 4801 prinas
454 4728 602 4800 permissio
623 4729 695 4784 lacta
715 4738 768 4793 est,
786 4731 914 4784 inpetatur
931 4743 980 4782 nos
994 4740 1085 4783 saruao
1099 4726 1144 4780 di·

353 4824 436 4878 uiuus
451 4821 561 4877 initium
576 4822 810 4878 hebatonnadarnna
825 4838 945 4886 suaaacre,
970 4821 1005 4875 ab
1023 4835 1057 4875 eo
1076 4828 1145 4874 ιιιιι-

1205 917 1278 988 pties
1293 918 1396 983 septem
1421 908 1484 963 anni
1501 921 1583 961 amam
1605 904 1802 961 bebdoanadaua
1818 902 1929 964 iaciant,
1944 901 1996 958 bae

1205 1018 1247 1067 cst
1261 1021 1349 1062 ananias
1365 1001 1544 1076 quandraginta
1564 1014 1678 1066 novenu;
1692 1004 1721 1054 et
1736 997 1789 1051 iane
1804 1011 1919 1050 nunaera
1933 995 1996 1050 ddi-

1204 1109 1302 1174 genter
1314 1101 1447 1168 inspecto,
1465 1093 1641 1149 eutatiuebuaat
1663 1089 1833 1161 septuaginta
1847 1087 1996 1144 bebdoma-

1204 1195 1254 1250 dcs
1267 1206 1355 1244 auaaos
1367 1188 1419 1243 tria
1432 1186 1516 1241 utibin
1531 1183 1747 1255 quadringentos
1758 1181 1880 1252 triginta,
1889 1195 1939 1234 uec
1951 1194 1996 1233 ar·

1202 1281 1272 1336 atari
1288 1278 1440 1349 putarimus
1452 1274 1589 1329 intellectu
1603 1273 1644 1328 uei
1659 1286 1774 1328 adurere
1789 1285 1870 1341 equiem
1882 1285 1992 1341 compu·
2039 1332 2044 1342 Ι

1202 1368 1431 1432 taantClaaistiani,
1448 1380 1510 1421 cum
1526 1364 1615 1418 adlatae
1624 1363 1763 1434 supersint
1776 1361 1839 1416 aurai
1848 1362 1922 1417 anille
1930 1376 1994 1417 taeta·

1202 1460 1276 1534 genti
1295 1466 1324 1516 et
1342 1475 1375 1516 eo
1391 1458 1519 1529 amplius,
1537 1462 1683 1526 antequam
1700 1454 1871 1525 septuaginta
1890 1453 1995 1507 laetula·

1203 1551 1297 1607 triades
1311 1550 1485 1622 impleantur.
1502 1546 1608 1614 Quibus
1627 1546 1836 1616 respondemus,
1854 1544 1880 1598 iu
1892 1548 1991 1615 <peinais

1202 1649 1232 1696 ut
1246 1641 1298 1695 boe
1313 1638 1517 1710 seripturarum
1537 1635 1701 1690 auctoritate
1713 1631 1853 1703 probetur,
1866 1632 1991 1686 deceant·

1201 1746 1255 1799 que
1274 1730 1345 1785 diem
1359 1745 1408 1798 pro
1426 1735 1529 1798 septem
1545 1725 1626 1781 annuis
1639 1723 1791 1793 computari
1806 1723 1915 1787 debere,
1930 1738 1992 1778 cunta

1201 1821 1261 1890 ipse
1277 1819 1411 1876 tiontinus
1425 1817 1560 1873 Ezechieli
1585 1819 1693 1871 toeutus
1708 1817 1748 1869 sic
1764 1814 1922 1870 describens
1944 1831 1993 1884 pro

1200 1919 1304 1984 «quarata
1312 1913 1443 1983 temporis
1454 1911 1543 1983 spatio
1553 1909 1625 1965 diem
1636 1909 1763 1963 nuntiare
1771 1907 1892 1962 ricberct.
1905 1907 1991 1972 biom,

1201 2005 1301 2075 inquit,
1318 2004 1359 2073 titt
1371 2004 1496 2065 bominis,
1513 2001 1582 2054 diem
1597 2016 1644 2068 pro
1663 2017 1731 2053 anno
1746 1998 1806 2054 dedi
1820 1998 1866 2051 tili
1883 1997 1991 2068 (Eaeela.

1200 2100 1248 2166 ιι).
1262 2095 1292 2151 Si
1302 2097 1381 2165 juxta
1391 2093 1561 2149 Dominicaua
1569 2092 1779 2163 descriptionem
1793 2100 1821 2148 et
1835 2098 1992 2147 sanctarum

1199 2187 1426 2244 causaretudinem
1442 2185 1657 2256 seripturarum,
1675 2184 1747 2239 dietu
1763 2200 1812 2254 pru
1823 2200 1895 2239 anuo
1910 2184 1992 2239 debe·

1200 2293 1261 2333 mus
1272 2278 1396 2349 accipere
1409 2317 1417 2343 ,
1432 2283 1522 2333 cesset
1538 2275 1674 2347 imperitia
1689 2274 1843 2331 laudatorum
1858 2276 1992 2330 atticanare

1199 2368 1273 2439 quod
1292 2376 1335 2425 est
1347 2368 1460 2424 omniuo
1474 2367 1572 2423 rationi
1591 2367 1771 2430 contrarium,
1785 2376 1813 2421 ιι
1824 2366 1992 2437 ianpassibiie

1200 2460 1315 2516 ueritate
1325 2459 1452 2531 probari;
1472 2458 1512 2514 uei
1524 2458 1546 2513 si
1558 2457 1593 2512 de
1607 2471 1723 2513 numero
1735 2457 1889 2526 disceptare
1900 2457 1992 2512 notue-

1199 2551 1265 2616 rint,
1281 2548 1574 2620 osteudautquoanodo
1588 2548 1616 2603 iu
1631 2548 1724 2604 saciati
1739 2548 1792 2603 tine
1804 2549 1992 2606 secundari-ne

1199 2644 1334 2713 dentque
1346 2642 1403 2712 iam
1410 2641 1487 2712 justa
1497 2641 1645 2713 prophetia
1653 2647 1756 2696 textum
1768 2648 1906 2696 transacta
1916 2657 1990 2699 suut.

1198 2732 1348 2801 Civitatem,
1365 2734 1463 2805 iuquit,
1479 2732 1619 2802 dissipabit
1634 2733 1746 2802 popalus
1770 2750 1829 2787 eam
1844 2735 1909 2788 datae
1930 2751 1989 2788 nean·

1199 2834 1257 2879 tara
1273 2823 1356 2892 (ban.
1372 2826 1422 2896 tx).
1431 2822 1510 2891 Quod
1522 2823 1673 2880 ierusalem
1690 2826 1823 2880 subversa
1834 2827 1880 2889 sit,
1891 2827 1991 2897 papule

1199 2916 1324 2973 ueniente
1335 2916 1459 2972 iiomaue
1471 2932 1533 2972 eum
1553 2916 1624 2973 duce
1645 2916 1824 2988 Vespasiano,
1836 2920 1928 2976 nulius
1943 2921 1991 2992 qui

1199 3006 1342 3061 taistoriam
1359 3007 1423 3078 tegit
1441 3009 1548 3079 ignerat
1566 3026 1572 3062 :
1589 3008 1662 3063 unde
1678 3009 1757 3063 tacite
1778 3011 1909 3079 probatur
1924 3026 1990 3081 sep.-

1197 3100 1322 3171 tuagiata
1333 3100 1518 3158 betadomades
1532 3116 1593 3157 esse
1611 3101 1713 3166 tanaitas,
1728 3118 1791 3158 cum
1808 3113 1916 3162 coatstet
1930 3122 1991 3164 esse

1197 3201 1365 3248 transactum
1374 3194 1446 3264 quaed
1457 3195 1483 3248 iu
1492 3209 1587 3248 aarum
1597 3194 1649 3248 sane
1658 3195 1790 3267 propbeta
1798 3197 1923 3267 praedixit
1930 3214 1992 3255 csse

1199 3280 1330 3339 intutum.
1346 3282 1374 3338 Si
1389 3285 1508 3338 vastatio
1520 3284 1641 3340 ciuitatis
1655 3296 1681 3339 ct
1692 3286 1799 3341 eversio
1812 3289 1904 3358 templi
1921 3278 1991 3344 non-

1197 3374 1263 3429 duau
1280 3375 1358 3430 tacta
1371 3383 1447 3438 suut.
1461 3391 1511 3431 nce
1522 3377 1640 3447 populus
1653 3393 1715 3432 eum
1725 3377 1795 3432 duce
1807 3378 1991 3450 populuaulu·

1198 3464 1320 3521 daucum
1336 3467 1371 3523 de
1391 3468 1502 3523 ciuitate
1514 3466 1625 3531 delevit,
1647 3467 1715 3524 laisa
1737 3476 1802 3525 stant
1820 3471 1912 3524 omnia
1931 3488 1991 3543 qum

1197 3555 1250 3610 sub
1262 3554 1393 3614 Romanis
1406 3564 1466 3611 aeta
1476 3564 1550 3612 sunt.
1567 3556 1620 3613 Sed
1634 3558 1762 3613 uniuerso
1773 3560 1875 3614 auuudo
1887 3567 1992 3616 testata·

1196 3653 1233 3714 ic,
1245 3656 1340 3702 taetram
1349 3657 1392 3704 est
1402 3648 1467 3719 quid
1478 3647 1662 3718 Vespasianus
1673 3655 1700 3703 ct
1708 3648 1788 3705 Titus
1796 3652 1910 3718 egerint.
1920 3650 1991 3720 iirgu

1197 3755 1291 3794 rerum
1304 3747 1346 3795 est
1360 3740 1426 3794 iilud
1443 3742 1584 3813 iauptetum
1598 3759 1659 3799 csse
1674 3745 1745 3814 quod
1762 3744 1865 3800 dietum
1877 3753 1920 3801 est
1931 3767 1936 3801 :
1948 3746 1992 3801 Ci-

1196 3831 1303 3885 oitatem
1318 3842 1342 3884 et
1366 3834 1548 3887 sanctuarium
1563 3833 1704 3903 dissipabit
1722 3835 1834 3904 popalus
1850 3851 1908 3888 aaut
1925 3834 1991 3891 duce

1197 3932 1316 3978 cantaro.
1330 3921 1488 3995 Nubilaque
1504 3925 1559 3979 latii
1575 3926 1609 3980 de
1621 3941 1734 3981 numero
1747 3925 1989 3989 hebdomadarum,

1198 4029 1250 4070 nee
1268 4022 1376 4085 teuapus
1391 4016 1521 4086 usquein
1536 4017 1672 4071 iutiuitum
1686 4016 1843 4084 estendere,
1857 4032 1920 4071 cum
1938 4033 1991 4071 aau-

1198 4122 1293 4161 auerus
1312 4123 1368 4176 apae
1382 4116 1541 4177 eoauputare
1566 4107 1676 4163 caauaris
1691 4107 1718 4161 iu
1735 4108 1811 4162 nudo
1833 4117 1990 4162 sanctarum

1198 4197 1401 4268 Scripuuarum
1418 4200 1488 4253 libro
1510 4199 1672 4269 reperiatur,
1690 4207 1720 4252 ιιι
1739 4198 1799 4253 dies
1821 4206 1990 4268 praeoptem

1196 4290 1277 4345 narnis
1295 4290 1408 4361 intelligi
1431 4291 1537 4345 debeat.
1554 4290 1623 4361 Lege
1646 4290 1713 4360 quid
1729 4288 1861 4345 bantinus
1882 4289 1989 4343 locutus

1197 4383 1232 4438 sit
1258 4383 1354 4455 btnysi,
1370 4385 1480 4455 quaudo
1504 4386 1530 4438 iu
1554 4385 1741 4454 exploratores
1765 4390 1844 4440 terra
1859 4384 1988 4439 chanaan

1198 4474 1346 4529 uindictam
1371 4476 1511 4539 exet·euit;
1525 4485 1552 4530 et
1568 4477 1662 4545 praebe,
1678 4476 1701 4531 si
1715 4481 1803 4545 pates.
1830 4476 1918 4546 ipsum
1936 4472 1989 4526 bu-

1196 4567 1304 4620 auiuuau
1318 4574 1345 4621 ct
1355 4567 1535 4636 legislatorem
1548 4567 1754 4622 ‹terruissediem
1771 4583 1820 4637 pre
1833 4575 1935 4636 septem
1944 4581 1990 4619 au-

1197 4659 1239 4709 aris
1251 4657 1404 4727 eetuputari
1421 4657 1531 4712 debere.
1546 4655 1622 4722 Filii,
1643 4659 1742 4727 iuquit,
1759 4658 1836 4711 nestri
1852 4668 1927 4710 errant
1943 4673 1989 4710 ea-

1195 4749 1221 4816 pi
1236 4747 1263 4798 isa
1277 4746 1380 4802 deserto
1391 4748 1468 4801 anuis
1480 4747 1667 4818 quadraginta,
1679 4759 1703 4801 ct
1714 4748 1856 4818 portabunt
1869 4749 1986 4819 fornica·

1195 4837 1293 4890 tionem
1304 4847 1428 4902 oestrum,
1444 4837 1524 4893 donec
1539 4847 1728 4892 conasaamautur
1742 4838 1871 4893 cadavera
1881 4849 1987 4908 pateam

352 4931 421 4988 9⁰¹⁰
434 4930 490 4987 ‘1¹¹⁰
503 4915 601 4972 imum
609 4913 1010 4978 ffidififfllbibffuiilssssbillesi
1021 4912 1143 4968 mettaada
1158 4954 1181 5012 ὓ
1194 4928 1221 4980 iu
1234 4926 1338 4982 deserto
1347 4929 1425 4996 irrata
1436 4927 1683 4983 attuaretatdierttm
1693 4928 1787 4999 quibus
1799 4929 1988 4985 considerastis

351 5009 482 5077 viceque
498 5006 618 5062 ciuitatis
644 5006 812 5062 antideauda·
836 5006 981 5075 quarnaissio
1008 5004 1143 5060 conceda-

351 5106 398 5153 tur

349 5212 443 5267 tertre
456 5230 509 5285 qtaa
521 5215 758 5284 rationeexpla'rent
767 5230 819 5268 snt
827 5212 1003 5268 leidouaadas
1012 5213 1143 5270 Danielis.

385 5315 424 5325 -
433 5286 605 5356 Septuaginta
620 5285 738 5339 botaielis
753 5282 985 5348 ltetdomadreiam
998 5285 1143 5354 completas.

385 5385 424 5397 --
441 5354 503 5410 Dios
517 5357 545 5411 iu
559 5354 698 5425 Scriptura
713 5372 760 5426 pro
774 5373 826 5410 ano
840 5370 909 5409 anna
923 5367 1055 5425 sumptas.

387 5469 434 5526 50.
452 5467 506 5525 Sed
521 5485 605 5541 super
619 5469 663 5525 bis
677 5471 751 5525 uuita
768 5471 908 5525 eontentio
925 5477 978 5534 est,
995 5485 1057 5525 cum
1077 5485 1144 5525 coa-

350 5571 407 5619 stet
428 5563 502 5635 qued
518 5565 692 5634 septuaginta
716 5564 900 5621 hebdomades
914 5572 1061 5619 transactae
1076 5564 1142 5629 siut,

349 5664 379 5711 et
388 5653 546 5710 lrnlaaruua
558 5656 648 5712 inanis
660 5657 831 5726 exspectatio
841 5662 868 5712 et
880 5656 993 5710 omnino
1001 5653 1069 5710 laisa
1079 5669 1144 5724 pro-

350 5747 444 5803 betur.
459 5746 494 5802 Δι
507 5748 638 5819 quoniam
660 5765 743 5820 supet·
762 5749 808 5804 bis
829 5747 993 5821 respondere
1008 5763 1063 5802 noa
1079 5762 1144 5819 pas·

350 5848 441 5895 suat:
457 5855 547 5912 aeque
565 5841 638 5898 enirn
652 5844 754 5899 uerius
765 5858 860 5898 earum
877 5841 1053 5914 protervitate
1066 5856 1140 5895 uaeas-

349 5933 432 5989 dacio
442 5941 534 6006 petest
546 5935 696 5998 immineri,
707 5937 878 5992 transierunt
888 5951 918 5992 se
932 5934 1006 5990 adca
1018 5949 1079 6007 quae
1087 5948 1145 5988 ιιιι-

350 6026 419 6082 taine
432 6026 550 6098 probare
567 6042 622 6083 nen
636 6037 769 6100 possunt:
784 6028 860 6082 aiunt
874 6027 1020 6098 quemdam
1034 6026 1142 6097 sapien·

1197 5028 1306 5073 terrant.
1328 5019 1419 5071 danaus
1438 5033 1486 5086 pne
1500 5017 1543 5071 die
1568 5016 1751 5087 iterputobiittr,
1766 5027 1791 5072 et
1811 5017 1988 5087 quodraginta

1197 5111 1274 5164 aarum
1296 5109 1425 5180 recipietis
1439 5110 1592 5182 iniquitates
1606 5119 1705 5164 oestrus
1716 5121 1740 5165 et
1759 5109 1846 5163 scietis
1862 5108 1987 5162 altionem

1196 5218 1281 5255 onam
1296 5200 1392 5272 (Natat.
1415 5202 1482 5272 xta).
1498 5202 1685 5272 Quadraginta
1700 5201 1795 5256 diebus
1806 5201 1987 5271 quadraginta

1196 5294 1366 5364 comparauit
1381 5308 1480 5359 aranos,
1501 5295 1572 5350 sieut
1587 5294 1615 5348 ira
1629 5292 1770 5348 bacchicis
1786 5293 1822 5346 ita
1836 5293 1863 5346 in
1885 5291 1986 5362 biars-e,

1195 5384 1291 5440 uniens
1307 5384 1421 5455 intelligi
1429 5385 1500 5439 diem
1516 5401 1565 5455 pro
1579 5401 1652 5439 anno
1667 5385 1820 5455 computari
1834 5384 1943 5439 debere.
1955 5381 1987 5436 Et

1196 5475 1282 5530 aniror
1296 5476 1367 5532 ariade
1378 5477 1462 5546 hrtjus
1476 5475 1620 5533 dementiae
1630 5492 1741 5533 causatu
1756 5476 1907 5547 acceperis,
1922 5491 1986 5531 euau

1196 5567 1223 5622 in
1238 5574 1295 5621 teta
1308 5567 1379 5622 serie
1389 5567 1496 5624 Veteris
1506 5567 1683 5623 instrumenti
1699 5567 1812 5622 minime
1824 5566 1895 5621 ratio
1909 5581 1987 5637 repe·

1195 5660 1282 5715 riatur
1295 5677 1348 5732 qua
1363 5663 1479 5733 probare
1497 5663 1587 5733 possis
1601 5663 1719 5732 spatium
1733 5669 1836 5732 septem
1851 5675 1986 5716 arianorum

1195 5753 1394 5824 significatione
1408 5756 1451 5810 uei
1472 5771 1586 5810 natanaero
1601 5755 1683 5809 aanaius
1697 5753 1751 5808 diei
1765 5753 1881 5808 articulo
1895 5750 1986 5807 couti·

1195 5844 1265 5901 neri.
1287 5843 1316 5899 Si
1330 5845 1420 5902 adhue
1437 5844 1557 5901 initurum
1569 5855 1610 5901 est
1632 5846 1704 5917 qaaod
1724 5845 1862 5900 civitatem
1875 5850 1903 5900 et
1921 5859 1987 5899 san·

1194 5936 1331 5990 etuariuua
1346 5935 1482 6007 dissipare
1496 5935 1593 5992 deluat
1614 5937 1731 6008 pupulus
1753 5950 1815 5990 cuna
1831 5933 1901 5990 duce
1922 5949 1985 5989 nean-

1195 6034 1268 6092 turn,
1277 6034 1387 6099 oportet
1400 6036 1428 6082 ut
1441 6026 1517 6098 prius
1531 6027 1681 6083 aediliectur
1690 6025 1819 6096 tempium
1835 6024 1907 6095 quud
1914 6023 1987 6094 janta-

351 6120 654 6177 sasimaautuaaormn
668 6121 720 6177 boo
735 6121 816 6176 arando
830 6119 1142 6177 banieiislaebdeuaadss
1194 6121 1298 6191 pridem
1314 6135 1401 6193 usquc
1416 6122 1449 6176 ad
1467 6121 1556 6175 solum
1568 6135 1693 6176 eversauu
1708 6128 1761 6183 est,
1777 6127 1807 6173 ut
1823 6118 1921 6172 iterum
1936 6116 1984 6171 de·

353 6229 525 6271 aautnacrasse.
540 6212 766 6284 Uaaamqnaauqnc
780 6214 862 6277 dieau,
880 6213 979 6285 inquit,
997 6213 1024 6268 iu
1040 6213 1141 6270 bcbdo-
1194 6212 1263 6269 sttui
1286 6213 1388 6282 possin
1406 6213 1451 6270 sed
1474 6212 1557 6268 semei
1570 6211 1719 6268 sectandum
1734 6219 1807 6264 tuam
1823 6206 1985 6264 sententiam
