5125 7059
976 694 1137 753 situatis.
1158 726 1193 740 -
1212 695 1275 751 tto.
1298 694 1344 753 ll.
1913 689 1966 748 {5⁸

447 824 501 868 teo
520 811 594 882 qood
611 812 796 869 misericordia
821 813 991 883 imploratur,
1015 815 1176 874 innuiturA
1192 835 1202 868 r
1218 816 1287 872 cmii
1301 822 1432 870 enarrant
1446 812 1560 882 pluriam
1572 809 1630 868 uri.
1649 826 1658 859 s
1675 806 1802 878 exprimit
1813 805 1963 876 apostolos:

447 902 619 972 tlepatinnis,
628 903 669 958 vel
678 903 876 972 praelibationis
886 902 1002 958 officium
1013 919 1068 958 nors
1081 907 1140 959 siue
1190 908 1255 977 quia
1276 925 1288 959 r
1308 908 1335 962 ln
1353 920 1461 961 omnem
1477 915 1575 958 terr-aru
1600 903 1685 957 exivit
1710 914 1899 955 souusooronr
1910 898 1930 953 ¹.
1952 916 1962 949 r

447 1012 479 1053 as
495 997 535 1051 vel
556 997 623 1051 lovis
638 997 725 1066 cnlpae
737 998 848 1067 pulvere
859 998 949 1067 peragi
962 1012 1057 1066 posse:
1070 998 1140 1053 trude
1194 1016 1204 1050 r
1222 998 1355 1054 Exaudist
1370 1006 1408 1060 te,
1423 1013 1433 1048 v
1449 995 1568 1050 declarat
1586 1002 1735 1064 martyres:
1759 991 1824 1062 quia
1849 990 1966 1059 proterit

447 1087 532 1143 stirum
548 1105 555 1141 :
573 1089 684 1141 verbum
707 1087 906 1156 prmlieatiouis
921 1088 1044 1141 serrrrius
1061 1090 1124 1142 andi
1189 1103 1238 1145 ens
1253 1107 1263 1140 r
1278 1102 1306 1144 ut
1321 1090 1365 1145 die
1384 1088 1568 1143 tribulationis
1586 1102 1641 1141 sum
1656 1087 1674 1137 ·.
1694 1103 1704 1135 s
1720 1105 1754 1124 -·
1770 1101 1780 1134 r
1799 1083 1922 1146 bomine,
1938 1080 1966 1134 in

448 1193 511 1233 aaut
534 1179 635 1234 dicitnr
661 1197 669 1232 ε
694 1181 855 1248 prmlieator
878 1181 951 1234 enim
977 1196 1025 1235 ner
1041 1189 1139 1236 terram
1193 1183 1304 1246 ιίιιιιιοι
1322 1202 1333 1236 s
1349 1182 1438 1237 inntrit
1450 1181 1629 1242 contemnes
1645 1178 1757 1250 quinon
1773 1174 1966 1230 suntiraudati

447 1270 495 1325 lat.
507 1268 540 1324 Et
551 1268 659 1324 dillicile
677 1278 720 1324 est
731 1270 793 1338 ejus
809 1271 855 1337 quvi
873 1286 921 1340 per
933 1279 1032 1325 terram
1046 1271 1141 1325 ambo·
1192 1273 1330 1327 volumtate
1344 1271 1477 1326 labiorum
1492 1285 1604 1326 suoruru
1617 1270 1637 1321 ³.

447 1358 512 1413 mles
527 1359 602 1413 nullo
628 1359 739 1429 pulvere
767 1359 916 1424 sordidari:
938 1369 965 1415 ot
983 1361 1140 1431 pradicato·
1225 1362 1282 1419 lloc
1299 1363 1374 1433 pacis
1391 1372 1496 1431 tempus
1512 1360 1624 1431 empita
1640 1360 1819 1415 Constantino
1834 1373 1906 1428 repo.
1920 1359 1965 1427 qui

447 1466 507 1507 eom
525 1466 556 1507 se
570 1452 638 1507 bene
662 1452 809 1520 praedicare
830 1453 1005 1521 persenserit.
1027 1455 1143 1510 nullate·
1190 1457 1297 1511 laetatus
1311 1458 1339 1508 in
1349 1457 1448 1509 virtute
1461 1452 1509 1507 liei
1531 1465 1614 1520 super
1626 1452 1744 1506 salutare
1759 1451 1872 1513 Clrrrsti,
1886 1449 1968 1504 velve-

447 1544 565 1613 tspiritu
586 1543 712 1599 elationis
732 1543 810 1612 origi.
833 1542 912 1610 Quod
925 1559 989 1599 vero
1010 1544 1065 1600 lieo
1077 1562 1141 1615 gra·
1191 1557 1297 1603 menter
1307 1546 1460 1608 exsultavit,
1473 1545 1537 1599 doru
1557 1541 1693 1598 Nicaertam
1706 1542 1839 1613 synodum
1851 1554 1967 1609 congro·

447 1634 546 1706 pimus,
555 1649 609 1688 non
621 1635 656 1689 ad
671 1635 781 1690 lectoris
792 1651 897 1704 preces,
915 1636 961 1692 sed
974 1636 1007 1691 ad
1019 1638 1142 1706 praemis-
1190 1637 1275 1706 gavit.
1290 1633 1319 1689 ln
1332 1636 1419 1707 priura
1435 1634 1516 1703 lrujns
1534 1635 1662 1702 temporis
1677 1635 1743 1687 bora
1758 1631 1913 1686 rnodnlatus
1926 1637 1969 1683 est

447 1725 557 1781 seminet
571 1726 734 1791 lectionenr;
754 1727 855 1796 gratias
871 1728 988 1797 apiarius,
1000 1730 1073 1798 ntrod
1087 1745 1140 1783 no·
1190 1731 1303 1794 Paulus,
1324 1730 1438 1786 dicens:
1458 1745 1467 1778 r
1486 1725 1553 1797 llepi
1577 1739 1738 1781 saerzrrtornm
1764 1722 1921 1785 inuuurtali,
1942 1727 1971 1773 et

447 1816 550 1871 etrtnae
563 1831 620 1871 suae
631 1831 727 1885 panem
741 1816 865 1888 frangore
876 1819 1013 1888 dignatur,
1026 1835 1060 1875 ue
1069 1819 1142 1877 lasne
1191 1822 1331 1889 invisibili,
1350 1821 1401 1877 soli
1413 1821 1469 1874 beo
1487 1822 1574 1873 norror
1586 1827 1612 1873 et
1628 1819 1713 1883 alona
1727 1818 1754 1870 iu
1769 1816 1869 1871 wenta
1882 1828 1961 1867 saero-

447 1906 490 1962 adi
512 1906 625 1961 verbum
651 1905 760 1962 Domini
791 1923 937 1977 pereamus
958 1911 993 1965 ⁸⁸.
1016 1910 1082 1966 Nam
1106 1913 1141 1968 ad
1191 1916 1389 1972 lorumnmrn
1405 1916 1453 1967 ⁸.»
1473 1910 1502 1965 lu
1526 1910 1644 1965 secunda
1665 1906 1969 1968 barrrentius,dieetrs:

447 2012 505 2062 oss,
525 1996 552 2052 in
566 1996 619 2053 ine
637 2013 753 2068 quarum
769 1997 808 2053 Ta
822 2009 920 2066 aanor,
940 2000 1061 2068 bomine,
1086 2019 1141 2057 nou
1194 2006 1327 2062 «Gratias
1338 2005 1386 2060 tibi
1401 2018 1462 2071 ago,
1482 2001 1607 2068 bomine,
1619 2003 1684 2070 qnia
1699 2000 1811 2069 januam
1835 2009 1910 2052 tuam
1929 1998 1971 2052 iu·

447 2087 543 2152 aditur,
558 2089 663 2144 seilicet
683 2088 717 2143 ad
739 2090 859 2158 capitula
877 2091 1041 2163 regularium
1060 2091 1142 2150 bora·
1192 2097 1267 2166 gredi
1278 2095 1382 2158 merum
1402 2113 1412 2147 r
1430 2094 1457 2149 in
1471 2094 1549 2149 tertia
1563 2092 1720 2163 Gregorius,
1732 2091 1778 2160 spui
1792 2099 1851 2144 arte
1865 2088 1971 2144 rrrtrsiea

447 2181 470 2234 1³
484 2178 585 2247 ‘l'libus
596 2177 708 2232 'ellium
721 2176 769 2233 Μ
781 2179 944 2246 seminatnr;
961 2180 1015 2238 lito
1029 2184 1139 2252 gratias,
1158 2154 1312 2244 ndivinum
1323 2185 1497 2240 sorroinnavit
1519 2184 1648 2249 ollieiunr,
1663 2192 1691 2237 et
1708 2198 1759 2239 nos
1777 2181 1875 2250 vigilio
1890 2181 1971 2250 buius

447 2269 606 2325 nsuetudine
627 2269 817 2339 respondetur.
842 2271 874 2328 Et
890 2276 999 2329 attende
1012 2276 1083 2344 quod
1101 2276 1139 2331 si·
1189 2279 1307 2348 primam
1330 2277 1480 2333 custodiam
1497 2277 1685 2336 observamus,
1699 2274 1764 2328 duur
1779 2273 1969 2342 praedicamus.

447 2378 452 2414 ι
470 2357 591 2415 Ecclesia
606 2360 661 2414 duro
675 2371 739 2416 sunt
760 2363 870 2419 ordines
884 2366 1041 2434 :sapientes
1055 2377 1082 2422 et
1097 2368 1140 2422 in·
1192 2368 1347 2425 Secundam
1359 2382 1422 2422 curu
1446 2366 1633 2421 tribulationes
1647 2364 1674 2418 in
1697 2364 1828 2435 patientia
1850 2361 1972 2419 sustiue-

450 2460 492 2508 tas
508 2453 541 2519 ⁸⁸,
567 2453 608 2509 sic
625 2464 689 2510 suut
705 2455 766 2510 duae
793 2457 939 2511 lectionum
955 2461 1090 2515 materies.
1111 2459 1139 2514 ln
1191 2476 1264 2518 mus.
1276 2458 1397 2516 'tertiam
1410 2459 1520 2531 quaudo
1530 2456 1751 2527 contemplationi
1766 2471 1904 2510 vanamne.
1918 2453 1970 2509 Sed

447 2544 514 2599 roim
539 2545 701 2600 lectionibus
724 2561 786 2617 qnae
807 2549 841 2603 ad
866 2550 977 2604 missam
1003 2552 1139 2622 lrgmunr,
1190 2553 1254 2624 qnia
1268 2572 1279 2606 r
1294 2563 1414 2609 extrema
1437 2549 1527 2622 gaudii
1553 2550 1643 2605 luctus
1658 2557 1774 2618 occupat
1787 2548 1811 2615 ¹,
1829 2566 1839 2600 r
1857 2547 1917 2602 ideo
1932 2546 1972 2602 nl·

448 2646 499 2692 stas
527 2637 708 2692 instruuntur.
733 2637 763 2692 ln
787 2640 909 2711 hisquae
930 2642 957 2696 in
992 2655 1071 2700 aurete
1097 2660 1141 2700 rc·
1191 2646 1251 2702 timi
1262 2659 1368 2711 uersus,
1383 2644 1471 2700 ultinri
1481 2643 1838 2715 psaluritcmporatangunt
1849 2654 1972 2693 sununs-

447 2742 498 2794 ar,
527 2727 683 2798 insipientes
713 2730 885 2788 erudiuntur.
909 2731 985 2790 linde
1005 2745 1032 2792 et
1054 2751 1139 2807 espo-
1190 2746 1270 2793 ternos
1289 2733 1460 2800 lntielnisti,
1485 2734 1533 2805 qui
1560 2732 1613 2787 crit
1624 2732 1751 2787 elibanus
1770 2732 1840 2802 iguis
1855 2730 1882 2785 in
1901 2739 1972 2785 tenr-

451 2836 473 2874 ¹'·
1190 2847 1256 2902 pore
1275 2830 1368 2887 ruins
1378 2830 1433 2894 sui,
1454 2842 1536 2898 quern
1551 2825 1684 2881 Dominus
1706 2823 1840 2890 turbabit,
1856 2831 1884 2878 et
1900 2821 1972 2893 ignis

447 2928 505 2969 rsus
520 2914 629 2970 attende
640 2917 713 2986 quod
729 2915 818 2974 lorma
833 2921 997 2976 terminandi
1013 2922 1141 2979 lectiones
1190 2937 1252 2977 cum
1263 2921 1322 2977 suis
1331 2919 1510 2988 complicibus
1520 2915 1661 2972 devorabit
1673 2915 1693 2969 ⁸.
1705 2913 1883 2969 Postmodum
1893 2910 1972 2967 electi

447 3002 559 3074 ipartita
570 3015 622 3072 est,
636 3016 684 3062 aot
694 3009 766 3063 euim
788 3024 838 3079 per
852 3009 891 3065 la
907 3022 1006 3079 aarum,
1021 3013 1140 3081 bomine,
1190 3023 1322 3085 perpetuo
1335 3013 1494 3079 mutabunt,
1510 3018 1537 3066 et
1550 3013 1578 3066 in
1591 3008 1699 3064 bomini
1718 3007 1867 3062 virtutibus
1882 3005 1972 3060 exsul·

447 3105 536 3162 natur,
554 3108 603 3151 aut
618 3113 681 3152 cunr
693 3101 841 3170 propbetiae
856 3101 993 3174 lcgtrntur,
1014 3119 1062 3175 per
1076 3104 1141 3161 lloee
1191 3107 1287 3161 tabunt
1298 3105 1321 3162 ¹.
1331 3103 1373 3160 sd
1386 3104 1438 3160 bos
1449 3116 1558 3172 quoqne
1571 3100 1693 3172 singulos
1705 3099 1836 3169 psalmos,
1850 3097 1898 3167 qui
1916 3107 1971 3154 tres

447 3181 588 3240 matrinas:
602 3184 757 3242 Corroertere
768 3190 803 3243 ad
814 3207 863 3258 vas,
876 3199 902 3246 et
912 3191 1001 3246 rotro
1016 3194 1077 3259 sris,
1095 3201 1143 3248 aut
1191 3204 1265 3261 sunt,
1280 3194 1373 3253 Gloria
1385 3195 1516 3261 redditur,
1531 3204 1559 3249 et
1572 3193 1730 3263 antiphona.
1741 3190 1810 3256 Quia
1821 3188 1970 3246 Citristiaoi

450 3272 553 3330 meli
582 3274 707 3333 Jioeffliae
728 3279 866 3349 teguntur,
894 3297 943 3352 lter
963 3282 1140 3350 limitum
1190 3289 1253 3353 lide,
1265 3287 1435 3358 speltorent,
1455 3295 1482 3343 et
1496 3285 1629 3342 claritate
1644 3283 1739 3339 colrmt
1760 3281 1932 3347 Trinitatem,
1944 3288 1972 3337 et

447 3364 538 3430 ’Μ’
560 3376 707 3423 ‘ww‘
728 3370 764 3422 ⁰⁴
786 3370 928 3426 ”timim
948 3372 1031 3428 ”M
1047 3385 1141 3441 ⁸⁸th
1190 3380 1319 3437 laudibus
1338 3379 1457 3435 ederunt
1478 3377 1659 3448 majestatem.
1682 3373 1825 3430 Lectiones
1842 3372 1971 3428 suntdo·

447 3458 589 3527 filistim·
604 3469 634 3516 ”i
655 3461 682 3516 3¹¹
697 3463 786 3519 “mci‘’
807 3465 1008 3522 d0s⁰b⁰¹⁰r1¹m·
1024 3466 1174 3561 0¹¹5&th
1191 3476 1288 3530 ctrina
1304 3473 1434 3529 lidelinm.
1457 3468 1651 3541 llesponsoria,
1665 3468 1730 3534 vita,
1749 3481 1810 3536 qtrae
1833 3465 1912 3520 debet
1928 3479 1972 3520 re·

447 3550 540 3606 'aih‘
556 3552 670 3622 'immi
691 3555 867 3612 ⁰⁰⁰⁰¹u⁸i⁰ffl
888 3565 1021 3626 utuntur;
1043 3559 1085 3614 lei
1101 3560 1140 3614 ¹0·
1190 3563 1325 3636 spondere
1338 3564 1487 3628 doctrinam
1509 3562 1566 3616 nae
1583 3560 1675 3616 omitia
1690 3559 1717 3612 in
1739 3557 1878 3613 borniniea
1891 3564 1972 3613 nocto

447 3658 483 3712 s,
499 3645 706 3715 pradicationes
721 3649 830 3703 illorum
851 3650 963 3705 Patrum
982 3651 1138 3722 praeierunt,
1190 3664 1345 3722 canuntur,
1364 3669 1398 3710 eo
1419 3654 1492 3724 quod
1516 3666 1612 3707 omnes
1639 3647 1789 3720 supradicti
1811 3648 1839 3703 in
1868 3645 1971 3704 Cirristi

448 3737 531 3792 Μὴ
545 3738 627 3792 lium
639 3753 735 3794 0⁰i¹¹¹¹¹
747 3740 1141 3814 ‘ltnissfflbirnerquampra-
1190 3746 1553 3804 resurreetionesalvantur.
1576 3741 1609 3798 Et
1629 3741 1690 3797 vide
1713 3740 1786 3811 quod
1813 3739 1847 3795 ad
1864 3740 1971 3796 tertiam

447 3828 492 3883 oni
507 3830 697 3899 respondetur.
714 3829 834 3902 Tempus
845 3833 913 3903 lepis
933 3835 1140 3907 distinguitura
1189 3838 1321 3909 vigiliam,
1330 3837 1501 3906 evangelium
1518 3836 1658 3898 recitatur,
1672 3848 1706 3889 eo
1722 3831 1796 3903 quod
1806 3840 1848 3888 est
1858 3831 1887 3887 iu
1900 3839 1970 3886 tera-

447 3934 550 3989 rssque
562 3921 596 3975 ad
609 3919 705 3985 bavid,
720 3930 748 3978 et
763 3937 779 3978 a
794 3922 879 3980 bavid
894 3940 982 3994 usque
997 3927 1031 3982 ad
1049 3937 1139 3986 trans·
1189 3930 1361 4001 porsssratiae
1381 3927 1568 4000 predicatum.
1584 3923 1662 3982 Unde
1673 3923 1744 3980 lallit
1754 3923 1799 3979 lrie
1807 3921 1970 3995 etymologia

447 4009 546 4065 tionem
554 4009 1138 4091 babylonisetatransmigrationellabyln·
1190 4021 1356 4092 responsorii
1381 4038 1389 4076 ε
1414 4035 1467 4075 non
1491 4019 1564 4073 errim
1591 4017 1766 4088 responsoria
1790 4015 1825 4071 do
1849 4014 1971 4071 historiis

447 4116 505 4172 que
517 4102 551 4157 ad
565 4102 714 4160 curiatam.
730 4103 759 4159 ln
774 4106 861 4175 prima
872 4107 1045 4163 distinctione
1059 4111 1140 4180 lrrrjus
1189 4111 1357 4185 respondent
1379 4110 1544 4181 evangelicis
1568 4108 1746 4173 lectionibus;
1775 4105 1901 4162 similiter
1920 4119 1971 4161 uec

447 4196 490 4251 ris
502 4196 647 4265 visitavere
661 4198 829 4263 sacerdotes,
845 4208 875 4256 ut
889 4201 990 4269 Aaron,
1010 4202 1074 4258 durn
1089 4203 1139 4258 do·
1190 4204 1256 4260 ibud
1277 4202 1352 4276 qood
1375 4203 1404 4257 io
1427 4201 1523 4258 aestiro
1550 4210 1673 4271 tempore
1695 4199 1730 4255 do
1748 4197 1881 4254 trinitare
1904 4211 1971 4253 carr·

447 4285 475 4342 iu
488 4288 605 4343 secunda
616 4288 732 4358 judiees,
743 4297 773 4344 ut
786 4291 908 4358 Gedeou,
917 4292 982 4347 dum
993 4292 1139 4362 judicarim
1188 4306 1272 4353 tatur.

447 4376 488 4432 tia
502 4392 589 4448 regas,
610 4389 641 4435 ut
656 4379 800 4449 Salomon,
814 4384 880 4438 dnm
905 4385 1035 4455 populum
1057 4387 1136 4444 resit.
1225 4388 1363 4454 ldemest,
1378 4395 1406 4443 et
1421 4388 1449 4441 iu
1467 4393 1623 4441 sanctorum
1642 4382 1751 4454 vigiliis,
1767 4382 1795 4437 in
1813 4381 1913 4450 quibns
1929 4379 1969 4435 le·

455 4470 634 4538 sequentibus
652 4471 764 4540 psalnns
786 4473 926 4541 innuitur;
942 4490 1005 4530 nam
1019 4494 1026 4532 a
1042 4495 1052 4530 r
1067 4479 1141 4534 Con·
1189 4479 1327 4537 ctionibus
1340 4486 1450 4550 propter
1468 4476 1574 4548 vigilias
1591 4474 1712 4530 alteratis
1730 4474 1901 4543 responsoria
1914 4491 1968 4529 non

450 4559 538 4626 mefl,
553 4578 564 4612 s
579 4561 709 4631 exprimit
722 4563 889 4633 sacerdotes,
908 4580 1026 4635 quorum
1046 4567 1140 4625 borni·
1189 4578 1339 4628 mutantur.
1355 4567 1423 4625 lllud
1445 4581 1555 4639 quoque
1572 4564 1713 4622 sciendum
1726 4564 1853 4634 estquod
1872 4564 1969 4620 irater·

447 4665 492 4708 sas
502 4651 555 4707 luit
570 4653 737 4712 hereditatis
754 4664 782 4712 et
795 4657 901 4714 calicis.
917 4677 928 4711 r
945 4658 1060 4725 Exaudi,
1085 4661 1139 4717 Do-
1190 4664 1226 4720 tia
1238 4661 1330 4734 vigilia
1345 4662 1458 4717 iteratur
1474 4659 1502 4715 in
1517 4656 1674 4730 antiphonis
1685 4654 1811 4711 Alleluia.
1827 4654 1857 4709 ln
1867 4654 1968 4709 solem-

455 4743 590 4814 lostitiam
604 4761 692 4802 meam
705 4749 740 4815 ι’,
758 4768 768 4802 r
789 4749 878 4806 innuit
888 4750 1006 4822 ludices,
1020 4769 1137 4823 quorsus
1188 4754 1321 4810 nitatibus
1332 4766 1441 4824 quoque
1459 4759 1615 4807 sanctorum
1636 4757 1689 4804 tres
1706 4756 1858 4803 nocturnos
1869 4753 1917 4800 aut
1928 4744 1969 4799 vi·

447 4850 490 4891 atu
505 4837 604 4906 prodiit
621 4838 655 4895 ds
668 4841 741 4895 uultu
758 4839 968 4914 omnipotentis.
991 4863 1001 4898 r
1024 4844 1138 4917 biligam
1154 4847 1268 4917 lissilias
1281 4845 1461 4910 celebramus,
1474 4852 1502 4898 et
1521 4842 1549 4898 in
1568 4854 1731 4911 unaquaque
1762 4846 1817 4893 tres
1837 4837 1968 4907 psalmos,

447 4928 524 4983 maluo
537 4929 560 4962 ⁸⁸
578 4947 589 4982 v
610 4931 733 4989 insinuat
751 4949 828 5005 reges
845 4951 916 5006 quos
929 4936 1063 4994 bominos
1073 4954 1138 4994 oon·
1189 4946 1245 4994 tres
1259 4951 1364 5002 emtus,
1378 4944 1432 4991 tres
1446 4933 1574 4991 lectiones
1587 4940 1614 4987 et
1626 4929 1798 5000 responsoria
1814 4930 1864 4984 tria
1876 4937 1970 4984 eanta-

448 5033 542 5089 ,super
553 5030 647 5091 gentes
668 5024 714 5079 ¹⁸⁹.
740 5025 781 5080 Ad
800 5027 924 5096 singulos
941 5031 1074 5098 psalmos,
1090 5031 1136 5101 qui
1189 5044 1261 5085 mus.
1277 5026 1317 5084 lis
1332 5028 1432 5097 quibus
1446 5041 1542 5080 norem
1563 5023 1671 5093 psalmi,
1688 5036 1784 5077 novem
1799 5036 1904 5085 sersus,
1920 5036 1970 5075 nn·

447 5120 500 5178 tut,
516 5111 608 5169 Gloria
618 5115 755 5184 redditur,
778 5127 806 5175 st
828 5121 988 5191 antiplroua,
1001 5123 1064 5193 quia
1079 5124 1137 5179 siu·
1188 5135 1248 5175 rem
1265 5118 1403 5184 lectiones,
1419 5129 1515 5172 novam
1530 5111 1702 5184 responsoria
1722 5108 1884 5166 alliciuntur.
1901 5107 1968 5163 'ler-

447 5202 549 5259 radicat
561 5205 671 5262 ordines
682 5204 841 5266 trinitatem
859 5211 1016 5281 adoravere,
1031 5222 1060 5270 et
1074 5215 1134 5270 lau·
1188 5212 1284 5268 narius
1297 5219 1325 5267 et
1341 5207 1505 5265 novenarius
1524 5206 1551 5262 in
1570 5204 1697 5260 omnibus
1710 5203 1780 5258 idern
1803 5201 1967 5274 signiticaot.

459 5293 590 5350 extulere.
617 5293 767 5368 Sequentes
791 5300 919 5358 lectiones
946 5313 1011 5359 sunt
1039 5319 1134 5360 eorum
1188 5301 1252 5359 llaec
1264 5302 1347 5374 igitur
1362 5301 1454 5356 omrria
1469 5298 1647 5359 celebramus,
1661 5304 1690 5351 ut
1704 5303 1814 5350 sanctos
1828 5309 1875 5364 per
1889 5292 1968 5347 tidem

447 5383 574 5442 sationes.
592 5385 774 5458 llesponsoria
793 5393 977 5461 operationes,
992 5403 1021 5450 et
1033 5396 1136 5467 pratia·
1187 5403 1290 5452 sancta
1303 5392 1444 5449 Trinitatis
1456 5387 1606 5445 associatos
1621 5401 1716 5441 noveru
1732 5384 1874 5439 ordinibus
1886 5397 1969 5452 ange·

448 5475 569 5531 odones.
592 5476 712 5550 Tempus
729 5482 824 5553 gratia
837 5484 1015 5556 distinguitur
1029 5487 1057 5542 in
1067 5497 1136 5543 tem·
1186 5488 1275 5543 lorum
1289 5485 1463 5542 ostendamus
1479 5499 1487 5536 a
1503 5488 1530 5535 et
1539 5489 1569 5535 ut
1582 5492 1633 5534 nos
1648 5493 1696 5548 per
1708 5478 1763 5532 nac
1773 5474 1860 5530 odleia
1874 5470 1967 5528 Trini-

447 5568 576 5624 tostoliore
587 5571 796 5641 predicationis,
806 5583 835 5631 et
848 5584 955 5647 tempos
969 5580 1136 5647 persecutio·
1186 5579 1235 5634 tati
1252 5591 1338 5648 usque
1353 5574 1421 5631 adeo
1438 5573 1604 5643 placeamus,
1623 5567 1694 5640 quod
1709 5567 1810 5622 eisdem
1825 5563 1968 5621 ordinibus

448 5666 565 5728 tempus
579 5661 664 5730 parts.
675 5660 704 5716 ln
715 5665 805 5733 primo
814 5666 992 5739 vigilaverunt
1008 5672 1135 5740 apostoli,
1186 5669 1317 5728 associari
1339 5665 1489 5738 possimus
1512 5663 1554 5720 vol
1577 5671 1631 5718 tros
1654 5659 1760 5730 psalmi,
1783 5668 1837 5711 tres
1858 5673 1966 5723 versus,

447 5749 519 5806 ando
532 5761 676 5823 martyres,
687 5755 715 5811 in
730 5756 810 5812 tertio
822 5757 1007 5827 confessorem
1019 5763 1090 5832 qood
1107 5764 1134 5818 in
1186 5772 1242 5817 tros
1255 5759 1395 5825 lectiones,
1408 5755 1459 5811 tria
1473 5753 1658 5826 responsoria,
1670 5752 1696 5806 in
1712 5752 1800 5806 tribus
1815 5746 1966 5813 nocturnis,

447 5842 534 5900 atibus
568 5847 682 5916 psalmis
711 5849 849 5907 evidenter
874 5851 1013 5919 iuuuitnr;
1043 5870 1131 5910 rraov:
1186 5858 1251 5906 suot
1271 5847 1381 5920 triginta
1403 5860 1468 5913 sos;
1486 5847 1544 5901 haee
1564 5844 1654 5914 itaque
1674 5843 1855 5909 celebramus,
1871 5849 1901 5896 ut
1918 5854 1967 5909 par

447 6036 525 6079 tovos.
545 6024 572 6081 8.
609 6026 632 6059 ⁸⁸
664 6025 743 6083 llam
765 6029 790 6084 l.
828 6030 849 6062 ”
873 6030 946 6088 Psal.
978 6032 1020 6087 lb.
1057 6032 1081 6066 '⁸
1109 6030 1181 6088 l'sal.
1205 6032 1247 6086 lb.
1285 6030 1308 6065 ’⁹
1327 6029 1399 6086 Psal.
1430 6029 1472 6084 li.
1522 6029 1555 6062 m
1583 6025 1655 6084 Psai.
1685 6024 1730 6082 tt.
1780 6019 1885 6080 'Paul
1916 6014 1961 6077 ld.

447 6093 519 6150 .Ιθ.
556 6094 647 6152 ’isat
677 6098 721 6153 20.
760 6100 922 6158 ιΙΤίιιι.Ι.
959 6102 1117 6160 Ῥιοι.ΙΙ.
1156 6100 1316 6157 Ἰ’5ιιΙ.ἰο.
1354 6098 1446 6155 iltuit.
