5125 7059
352 708 405 766 ste

953 701 1114 758 tttstottut
1133 699 1379 760 ttuloeb'sttttt.

1921 708 1974 766 650

351 832 455 888 ‹issetrt
477 845 599 899 securos,
625 831 781 887 discurrere
800 835 941 896 coepcrtmt
960 841 1009 895 per
1035 833 1136 879 terram
1152 834 1174 889 Α
1189 823 1293 892 plicans
1313 832 1343 877 ut
1368 819 1448 874 talem
1473 820 1573 877 baltcte
1597 822 1746 894 dignemini
1764 825 1973 897 circumspectio

351 933 475 978 nostram
486 938 583 979 versus
592 921 803 981 Carcassonam‚
815 928 841 973 ct
856 918 942 972 malta
951 916 1021 971 mala
1032 916 1133 971 lacien-

351 1018 404 1075 tcs,
419 1012 553 1081 pluriutos
566 1012 648 1066 ctiam
673 1011 841 1066 occiderunt.
861 1006 884 1064 0
908 1006 985 1061 frans
1000 1005 1134 1076 nequam!

351 1103 401 1158 Dic
417 1105 498 1159 tertio
509 1114 654 1175 postquam
677 1103 793 1158 recessit
808 1117 854 1156 rex
879 1116 893 1155 a
920 1101 982 1155 loco
995 1098 1136 1167 colloquii,

350 1205 378 1250 et
401 1197 513 1251 intrarit
535 1196 674 1261 Tolosam,
704 1196 813 1266 scripsit
836 1193 980 1264 petitiones
1009 1208 1074 1248 suas
1103 1191 1137 1246 ad

351 1289 574 1360 archiepiscopos
590 1298 618 1344 et
631 1289 778 1360 episcopos
791 1300 912 1355 nostros,
927 1288 954 1342 itt
966 1287 1024 1343 baec
1035 1286 1116 1340 rerba
1129 1303 1136 1339 z

352 1404 500 1460 Petilioues
516 1408 584 1477 regis
599 1407 823 1472 Arraoooensium
838 1407 873 1459 orl
888 1405 1012 1475 prelatos
1034 1405 1061 1458 itt
1073 1421 1121 1459 ccu

494 1478 557 1532 cilio
576 1478 646 1548 opud
665 1477 783 1531 laurum
799 1486 979 1547 congregatos.

388 1566 525 1635 Quoniam
538 1578 713 1626 sacrosancta
727 1578 813 1624 mater
839 1569 957 1624 Ecclesia
979 1583 1033 1622 nou
1049 1567 1137 1622 solunt

352 1661 448 1725 rerba,
464 1661 511 1716 scd
522 1662 635 1715 uerbera
649 1675 757 1730 quoquc
770 1661 883 1715 docetur
897 1661 1007 1726 babere,
1025 1661 1139 1714 dcrotus

353 1753 484 1808 Ecclesiae
496 1752 624 1812 otiose..
653 1753 709 1808 lleo
722 1753 880 1818 miseraute,
902 1767 949 1807 rex
968 1753 1141 1821 drragottett·

353 1843 404 1905 sis,
429 1860 478 1913 pro
493 1844 593 1898 comite
614 1842 762 1908 Tolosauo,
781 1844 815 1897 ad
838 1842 927 1898 sinum
942 1842 1064 1912 ejusdem
1079 1858 1139 1896 ma·

1189 931 1249 968 uem
1261 925 1288 969 et
1302 913 1470 984 diligentiam
1483 915 1510 969 in
1526 917 1577 971 ltoc
1592 915 1674 983 facto,
1688 928 1718 972 ut
1734 919 1759 972 in
1774 921 1882 990 negotio
1892 921 1974 976 Cbri·

1188 1006 1338 1060 stianitatis
1351 1007 1378 1060 iu
1392 1007 1517 1078 partibus
1529 1007 1678 1080 lllspanitc,
1693 1012 1726 1064 ad
1744 1011 1876 1065 bonorem
1892 1011 1937 1066 llei
1948 1022 1975 1068 et

1188 1098 1217 1152 S.
1233 1099 1330 1152 matris
1342 1097 1470 1154 Ecclesiae
1491 1101 1692 1164 dilatationem,
1720 1104 1913 1172 predictorum
1928 1104 1977 1158 ba·

1187 1207 1286 1246 renum
1311 1198 1339 1244 et
1364 1193 1474 1248 comitis
1489 1191 1683 1252 fluistis-fortis
1705 1196 1857 1251 subsidium
1883 1206 1977 1267 posset

1189 1284 1298 1338 babere.

1224 1374 1321 1428 Datum
1336 1372 1451 1438 Tolosae,
1463 1391 1518 1429 sru
1533 1373 1592 1428 lial.
1604 1374 1756 1432 Februarii.

1462 1465 1607 1535 Resptonsie
1626 1469 1743 1520 concilii.

1225 1557 1326 1613 illustri
1341 1567 1368 1614 et
1394 1559 1494 1613 dilecto
1521 1559 1547 1613 in
1564 1559 1676 1612 Cltristo
1696 1558 1726 1612 Ρ.
1742 1559 1786 1613 ttot
1810 1559 1895 1630 gratia
1919 1561 1975 1632 regi

1189 1651 1382 1720 Atragouum,
1409 1651 1503 1705 cornill
1530 1649 1782 1706 liarcbilottcusiuut
1801 1695 1808 1718 ,
1830 1655 1976 1711 concilium

1189 1745 1261 1812 apud
1275 1741 1395 1798 l'attrttm
1411 1743 1552 1814 (Laruae),
1566 1746 1681 1800 salutent
1696 1755 1722 1800 ct
1734 1746 1871 1803 sinceram
1883 1749 1910 1805 in
1924 1748 1978 1807 Do·

1190 1835 1265 1888 ntitto
1278 1835 1460 1891 dilectionem.

353 1937 404 1990 tris
417 1935 546 1992 Ecclesiae
559 1937 671 2006 cupiens
685 1937 784 2001 redire,
809 1943 836 1990 et
857 1951 872 1989 a
893 1934 1037 1990 sanctitate
1050 1943 1139 1988 restra
1225 1924 1375 1983 l‘ctitiones
1391 1938 1418 1984 el
1435 1944 1530 2000 times
1543 1929 1672 1996 vidimus,
1688 1946 1757 2000 ‘tuis
1773 1947 1822 2003 pro
1839 1931 1978 1987 Tolosam

353 2031 422 2100 ports
445 2029 595 2094 tramittant,
619 2037 647 2084 et
671 2037 749 2098 rogat
774 2029 918 2093 instanter,
942 2035 1078 2098 quatenus
1100 2026 1141 2080 ta.
1190 2029 1217 2073 ct
1232 2020 1293 2087 cjtts
1308 2021 1364 2074 tilio
1385 2031 1411 2075 et
1436 2020 1554 2076 l'uxensi
1569 2031 1597 2076 ct
1609 2021 1801 2077 Convenarum
1817 2025 1977 2091 consilibus,

352 2118 453 2172 ciendo
469 2118 687 2173 satisfactionem
711 2116 881 2188 personalem
906 2132 956 2187 pro
980 2117 1141 2173 excessibus
1191 2121 1217 2164 ct
1231 2112 1314 2166 nobili
1328 2113 1387 2166 riro
1401 2111 1520 2169 Gastotte
1531 2115 1565 2170 dc
1580 2114 1696 2182 licarno,
1707 2126 1797 2171 restra
1822 2117 1920 2187 regalis
1934 2133 1979 2172 se·

352 2209 574 2280 quibuscunque,
592 2218 671 2280 prout
686 2209 737 2278 ipsi
748 2208 876 2263 Ecclesiae
894 2209 983 2262 risum
999 2208 1081 2262 [eterit
1093 2204 1295 2261 ex-Btettilas
1310 2204 1457 2259 tieslittttt'il
1474 2224 1480 2258 ε
1498 2205 1525 2259 in
1551 2208 1651 2275 quibus
1674 2208 1756 2262 etiam
1772 2208 1882 2274 litteris,
1910 2209 1980 2262 iulet·

354 2301 460 2370 pedire,
476 2317 508 2356 ac
533 2317 582 2371 pro
603 2301 711 2356 damnis
734 2309 761 2354 ct
784 2299 894 2369 injuriis
918 2299 999 2355 illatis
1023 2299 1140 2354 dirersis
1192 2305 1290 2350 caetera
1310 2295 1439 2351 Ecclesiae
1457 2299 1542 2353 lilium
1558 2297 1649 2353 dicitis
1667 2315 1716 2353 ros
1730 2300 1858 2355 derotunt
1875 2319 1882 2367 3
1898 2315 1980 2369 super

352 2394 479 2448 ecclesiis
490 2402 516 2448 ct
530 2394 648 2463 pra-latis
662 2392 857 2449 satisfaciendo
872 2393 897 2446 id
910 2391 982 2462 ottotl
997 2392 1141 2446 clementia
1192 2405 1247 2459 quo
1264 2388 1380 2444 Demiuo
1392 2387 1457 2444 lesu
1473 2389 1594 2456 Cltrislo,
1610 2407 1642 2446 ac
1663 2391 1747 2463 regali
1760 2400 1856 2447 vestrae
1870 2393 1982 2446 celsitu·

355 2489 453 2543 matris
477 2488 606 2544 Ecclesiae
623 2489 682 2558 ipso
695 2487 788 2542 comiti
808 2487 916 2542 duxerit
934 2487 1141 2558 injungendum,
1191 2482 1261 2546 dini,
1282 2481 1432 2552 gratiarum
1455 2482 1600 2538 referimus
1622 2485 1753 2551 actiones,
1771 2493 1798 2538 ct
1825 2485 1852 2538 in
1874 2485 1981 2541 cunctis

354 2581 676 2636 restituautrclementer
701 2591 728 2634 et
751 2580 965 2636 misericorditer
983 2581 1016 2636 ad
1033 2595 1143 2650 posses·
1191 2575 1292 2644 ollibus
1318 2574 1469 2629 ⁸⁰⁰¹²¹¹¹¹¹1¹¹¹
1487 2574 1572 2630 ”⁰⁰⁰¹
1594 2591 1749 2646 ll⁰⁵⁵⁰¹¹¹1152
1773 2585 1883 2646 llf⁰ll¹er
1907 2577 1981 2632 illim

353 2671 448 2726 siottes
463 2687 538 2733 suas,
564 2679 592 2726 ct
616 2672 668 2725 alia
692 2687 754 2741 quae
779 2670 882 2726 amisit.
898 2670 976 2737 Quod
991 2673 1014 2726 si
1030 2673 1099 2728 torte
1114 2673 1141 2727 iu
1192 2677 1316 2722 ttmtuant
1333 2667 1516 2731 dilectionem,
1531 2683 1584 2737 utra
1598 2684 1647 2722 rus
1662 2677 1756 2725 sancta
1780 2668 1905 2724 llotttana
1922 2685 1983 2723 nta-

353 2778 474 2834 persona
484 2765 593 2818 consitis
617 2763 700 2818 ttollet
725 2761 846 2819 Ecclesia
872 2764 960 2833 ipsius
984 2765 1141 2835 petitionem
1193 2768 1234 2814 tct·
1246 2758 1378 2825 Ecclesia,
1393 2761 1464 2815 sicut
1484 2760 1673 2832 intelligimus,
1689 2761 1871 2832 amplectitur,
1892 2771 1919 2817 et
1933 2776 1982 2815 ros

351 2856 461 2922 audire,
474 2855 538 2926 petit
551 2865 579 2911 et
594 2866 672 2928 rogat
686 2857 738 2912 boe
749 2856 819 2911 idem
831 2871 882 2926 pro
900 2856 957 2910 filio
972 2874 980 2923 ;
1003 2858 1039 2912 ita
1051 2867 1142 2914 tamen
1193 2852 1291 2923 ipsam,
1305 2868 1354 2908 nce
1381 2869 1434 2907 rtou
1449 2861 1476 2907 et
1499 2854 1535 2909 eb
1560 2855 1738 2908 reverentiam
1753 2855 1919 2910 excellentiae
1935 2872 1983 2911 rc·

352 2948 428 3019 quod
442 2963 512 3018 puer
526 2949 705 3004 nibilominus
726 2948 879 3004 satisfaciat
894 2950 1075 3020 personaliter
1092 2964 1143 3021 pro
1194 2956 1258 3000 stra·
1286 2945 1395 3016 regalis,
1410 2945 1617 3002 admitteremus
1638 2947 1813 3002 affectuosius
1827 2963 1921 3018 preces
1935 2965 1983 3003 re·

352 3037 528 3100 excessibus,
546 3039 588 3092 rel
603 3038 630 3092 iu
647 3037 779 3093 ltotttaria
798 3037 998 3094 Saracenorum
1011 3055 1076 3095 cum
1088 3039 1143 3095 ttti·
1195 3047 1277 3093 sitas.
1296 3037 1385 3108 Super
1398 3038 1515 3108 eoquod
1541 3053 1591 3108 pre
1615 3041 1714 3094 comite
1731 3039 1837 3095 Totttsae
1850 3041 1941 3110 petitis
1956 3050 1984 3096 et

354 3125 450 3179 litibus
475 3123 565 3180 cuudo
580 3126 608 3179 in
628 3126 782 3181 subsidium
802 3127 1035 3196 Christianorum,
1059 3130 1101 3185 tel
1115 3131 1143 3185 in
1197 3128 1313 3198 rogatis,
1327 3127 1384 3182 baee
1399 3128 1528 3184 duximus
1552 3130 1693 3184 serenitati
1718 3132 1800 3199 tegite
1818 3131 1985 3200 respondeu-

354 3216 481 3285 pactlbus
505 3218 717 3286 transmarinis,
744 3220 898 3275 secundum
923 3223 998 3291 quod
1020 3221 1144 3279 Eodem
1194 3218 1272 3282 dunt,
1287 3218 1359 3287 quod
1372 3227 1427 3273 tant
1444 3233 1528 3273 causa
1541 3219 1650 3275 comitis
1661 3236 1743 3288 tpuam
1760 3222 1819 3285 lilii,
1840 3237 1902 3292 qnae
1917 3237 1984 3293 pen·

354 3307 455 3363 melius
465 3306 643 3363 arbitrabitur
653 3308 799 3378 expedire:
815 3310 942 3366 etiufatts
955 3313 982 3366 in
996 3319 1068 3367 terra
1083 3327 1143 3378 sua,
1195 3310 1240 3364 det
1254 3327 1287 3364 cx
1311 3311 1383 3366 lacte
1402 3314 1498 3381 patris.
1511 3314 1673 3369 auctoritate
1687 3315 1838 3384 superioris
1852 3325 1919 3373 esta
1936 3331 1985 3370 tto·

354 3398 383 3453 in
399 3409 453 3453 tatu
469 3399 589 3471 diligenti
608 3402 732 3457 custodia
743 3411 769 3456 et
784 3412 840 3457 tam
865 3403 937 3458 fideli
952 3418 1030 3470 ettra,
1040 3405 1073 3459 ad
1094 3405 1145 3459 bo-
1195 3400 1237 3454 bis
1249 3413 1374 3472 exempta
1388 3418 1451 3458 cunt
1467 3404 1538 3459 idem
1550 3420 1643 3460 comcs
1655 3404 1773 3472 Tolosae,
1787 3405 1914 3475 llegicnsi
1927 3410 1985 3478 cpi·

355 3505 452 3545 norem
463 3488 510 3545 Dei
525 3500 552 3546 et
564 3490 592 3545 S.
603 3489 637 3545 ll.
655 3488 687 3546 E.
700 3492 842 3559 habeatur,
859 3508 1001 3564 usquequo
1013 3494 1048 3550 dc
1063 3494 1143 3549 botti—
1198 3509 1280 3563 scopo
1293 3504 1320 3548 ct
1333 3496 1464 3565 magistro
1488 3495 1646 3562 Tltcodisio,
1663 3513 1678 3551 a
1690 3497 1802 3552 domino
1815 3515 1885 3569 papa
1900 3516 1985 3570 nego-

353 3590 411 3636 tate
422 3598 474 3637 stta
485 3582 561 3652 signa
576 3595 754 3653 compareant
767 3583 923 3640 manifesta.
1156 3564 1178 3622 c
1196 3589 1262 3644 tium
1275 3605 1355 3644 suum
1367 3589 1460 3646 lecerit
1479 3593 1530 3648 sub
1544 3602 1618 3648 eerta
1632 3595 1719 3649 forma
1735 3596 1881 3651 committi.
1896 3594 1985 3663 llude,

390 3669 426 3725 Et
437 3671 567 3742 quoniam
577 3685 670 3728 cernes
680 3670 881 3740 Convenarum,
898 3689 949 3728 nec
962 3671 1013 3728 fuit
1024 3688 1145 3744 unquam
1197 3682 1271 3737 sieut
1284 3684 1433 3752 eredimus,
1455 3689 1614 3742 memoriter
1629 3689 1751 3745 retinetis
1765 3699 1832 3761 quot
1846 3702 1874 3747 et
1896 3706 1987 3762 quan·

355 3765 515 3834 haereticus,
543 3782 594 3820 nec
614 3782 710 3822 eorum
726 3779 880 3839 susceptor,
892 3770 938 3824 scd
950 3771 1042 3840 potius
1057 3771 1145 3841 impu·
1196 3784 1239 3830 tas
1252 3777 1355 3846 gratias
1373 3779 1447 3834 dicto
1460 3780 1565 3845 consiti,
1596 3789 1654 3850 post
1680 3782 1782 3837 mtdtos
1796 3797 1927 3840 excessus
1946 3785 1988 3854 ip·

354 3867 465 3928 greater,
479 3866 507 3912 et
529 3858 590 3912 ideo
611 3868 710 3914 terrant
727 3860 829 3916 dicitur
843 3863 979 3929 amisisse,
992 3863 1065 3934 quod
1076 3864 1146 3919 asti·
1197 3868 1266 3933 sius,
1282 3869 1412 3925 dontinus
1425 3886 1494 3942 papa
1511 3871 1575 3926 feeit
1592 3891 1601 3939 ;
1631 3888 1681 3928 nee
1708 3888 1762 3928 uon
1777 3883 1804 3929 ct
1826 3890 1908 3945 quam
1924 3890 1987 3945 gra-

355 3951 420 4006 terit
436 3951 604 4006 consobrino
629 3959 656 4006 et
669 3952 782 4008 domino
803 3968 864 4020 sno,
878 3955 972 4010 comiti
986 3954 1145 4022 Tolosano3
1197 3955 1275 4021 tiant,
1292 3957 1326 4012 ad
1339 3956 1562 4015 intercessionem
1576 3972 1694 4017 uestram
1710 3972 1737 4018 et
1752 3979 1859 4032 preces,
1871 3980 1986 4021 venera·

354 4043 425 4113 petit
446 4044 517 4099 idem
536 4060 583 4100 rex
597 4055 625 4101 et
638 4055 717 4115 rogat
740 4061 791 4116 pro
811 4061 854 4112 eo,
871 4049 944 4102 sicut
964 4065 1014 4119 pro
1029 4049 1147 4105 vassallo
1198 4050 1262 4107 bilis
1273 4049 1460 4110 Narbonensis
1483 4055 1716 4128 archiepiscopus,
1739 4059 1988 4129 apostolicaesedis

355 4150 420 4202 suo,
441 4146 472 4191 ut
496 4139 657 4193 restituatur
672 4139 705 4193 ad
722 4149 822 4194 terram
849 4157 938 4207 snam,
954 4142 1147 4199 satisfaciendo
1199 4145 1314 4217 legatus,
1337 4156 1402 4204 ttmc
1423 4149 1508 4206 abbas
1532 4151 1658 4214 cistercii
1684 4154 1756 4222 apud
1779 4151 1935 4209 Nar-bonam
1961 4164 1989 4209 et

355 4244 468 4305 utreque
486 4231 519 4290 ad
534 4230 678 4292 arbitrium
690 4231 829 4304 Ecclesia,
843 4238 866 4294 tl
878 4249 940 4294 euttt
951 4236 1106 4311 apparuerit
1118 4236 1146 4290 iu
1198 4234 1493 4318 llontempcssulanum
1509 4289 1517 4313 ‚
1537 4250 1625 4305 eidem
1652 4251 1745 4307 comiti
1769 4243 1896 4323 lactabat,
1911 4247 1988 4301 bieu-

356 4330 450 4398 ²littt¹⁰
461 4329 617 4400 deliquisse·
1198 4337 1255 4402 uio,
1265 4338 1287 4393 si
1300 4339 1368 4395 bene
1382 4341 1567 4409 mentininms,
1580 4344 1637 4412 jam
1656 4353 1804 4406 transacto.
1820 4345 1934 4404 Volebat
1949 4347 1988 4403 si·

392 4420 460 4475 ltetn
472 4437 564 4479 centes
576 4422 722 4490 Forensis,
735 4440 797 4480 cum
810 4440 860 4481 nec
869 4425 915 4488 sit,
929 4441 978 4480 nee
995 4426 1077 4482 fuerit
1091 4427 1147 4483 ltae-
1198 4430 1307 4499 cptidem
1323 4432 1394 4487 idem
1410 4433 1527 4505 legatus,
1542 4451 1639 4492 ornnes
1653 4437 1868 4496 dominicaturas
1887 4450 1914 4496 et
1926 4457 1990 4512 pm-

355 4515 472 4579 retices,
486 4530 535 4585 pro
551 4531 584 4572 eo
600 4526 767 4572 memoratus
783 4533 830 4572 ret
856 4520 923 4588 petit
933 4527 961 4573 et
973 4528 1052 4590 rogat
1076 4520 1148 4576 sicut
1199 4521 1328 4591 prietates
1344 4523 1431 4579 cidem
1448 4527 1541 4581 comiti
1571 4543 1715 4586 remanet-c
1740 4531 1860 4601 integras
1880 4543 1907 4588 et
1923 4534 1990 4590 illa-

357 4624 407 4678 pro
422 4609 630 4679 consanguineo
640 4610 874 4675 suocbarissime,
888 4612 931 4665 cui
943 4611 1147 4670 sineretecuu·
1199 4630 1264 4670 sas:
1281 4625 1308 4670 et
1322 4617 1407 4670 utillo
1421 4617 1558 4690 juraque
1576 4622 1691 4678 babebat
1708 4625 1733 4678 in
1758 4626 1855 4681 castris
1870 4627 1988 4683 aliorum

356 4702 402 4754 dia
419 4699 520 4770 injure
532 4700 573 4755 sie
594 4701 689 4756 deesse
704 4716 758 4756 nou
770 4711 870 4772 potest,
886 4713 1022 4773 quatenus
1034 4720 1084 4774 pro
1105 4721 1147 4759 rc
1199 4707 1401 4772 hereticorum,
1416 4726 1479 4780 quae
1493 4713 1527 4767 dc
1552 4711 1633 4768 feodo
1655 4715 1716 4783 eius
1740 4727 1828 4783 crant,
1860 4718 1919 4774 sine
1943 4720 1990 4773 m-

356 4793 482 4846 tereutia
498 4791 624 4861 ipsiuset
639 4793 726 4861 gratia
749 4793 910 4848 restituatur
931 4794 965 4848 ad
988 4810 1050 4858 sua,
1066 4798 1147 4850 satis·
1199 4798 1293 4869 berga,
1306 4800 1365 4855 sine
1379 4800 1487 4868 Quieta,
1513 4805 1573 4860 sine
1598 4805 1755 4879 Catalgata,
1770 4809 1858 4864 eidem
1884 4809 1990 4880 integra

356 4883 678 4940 faciendottibilomitms
691 4883 819 4940 Ecclesiae
833 4885 859 4939 itt
873 4885 954 4940 biset
968 4884 1070 4955 probis
1090 4887 1148 4956 qui·
1164 4921 1185 4974 ὓ
1199 4902 1383 4947 rentancreut.
1410 4893 1445 4948 lle
1471 4895 1525 4949 illis
1551 4906 1679 4965 practerea
1706 4899 1805 4955 castris
1830 4915 1891 4970 quae
1913 4908 1990 4954 erant

355 4981 409 5034 bus
421 4977 575 5033 clementie
587 4979 683 5032 mattis
704 4976 833 5032 Ecclesiae
845 4993 908 5032 eum
932 4978 1089 5048 apparuerit
1101 4980 1148 5031 de
1200 4983 1317 5036 aliorum
1338 4983 1540 5049 baereticorum,
1552 5002 1613 5056 quae
1625 4987 1659 5042 dc
1669 4986 1749 5043 feodo
1764 4989 1824 5057 cius
1837 5006 1889 5046 ttou
1901 5001 1989 5056 erant,

356 5075 483 5146 liquisse.
1200 5088 1261 5139 ettae
1278 5072 1348 5126 tdetu
1359 5089 1451 5127 eotttes
1463 5074 1572 5129 dicebat
1583 5090 1645 5129 esse
1656 5076 1865 5147 quinquaginta,
1884 5078 1991 5132 uolebat

392 5168 471 5231 item,
484 5180 534 5238 pro
546 5165 666 5222 Gastoue
679 5167 713 5221 de
736 5165 842 5221 Beartto
862 5167 983 5221 vassallo
1007 5183 1059 5222 suo
1083 5166 1151 5237 petit
1201 5163 1330 5232 praefatus
1345 5165 1460 5234 legatus,
1478 5167 1652 5236 utquartalis
1667 5177 1693 5222 et
1711 5168 1788 5221 teuta
1805 5183 1869 5236 pars
1893 5183 1989 5223 eorum

356 5263 523 5333 saepedictus
545 5276 592 5316 rex
618 5270 646 5315 et
671 5270 749 5331 rogat
775 5260 932 5325 affectuose,
951 5270 1088 5329 quatenus
1105 5277 1149 5315 rc-
1200 5259 1310 5313 caderet
1329 5259 1354 5310 iu
1368 5259 1560 5327 proprietatem
1584 5261 1694 5314 comitis
1714 5260 1875 5329 supradicti.
1894 5259 1991 5330 Spreta

356 5358 492 5411 stituatnr
514 5351 548 5407 ad
574 5361 674 5406 terram
699 5367 777 5407 suam
802 5361 829 5407 et
851 5350 995 5406 fidelitates
1015 5351 1149 5406 vassallo·
1201 5367 1267 5405 rero
1280 5366 1373 5406 contos
1387 5351 1432 5405 illa
1450 5366 1549 5420 magua
1562 5353 1649 5421 gratia
1666 5353 1770 5407 domini
1784 5368 1862 5423 pape
1876 5369 1908 5408 ae
1923 5369 1992 5422 prae·

356 5463 419 5503 runt
449 5459 584 5509 suorum,
610 5443 729 5498 tttarime
753 5459 815 5500 eum
842 5455 955 5514 paratus
982 5443 1019 5498 sit
1043 5459 1149 5513 parcre,
1201 5442 1266 5497 dicti
1282 5440 1362 5511 legati
1378 5450 1405 5495 ct
1421 5439 1549 5497 Ecclesia
1564 5441 1747 5507 bei,rcuicns
1771 5445 1875 5499 directe
1896 5453 1992 5499 contra

354 5551 384 5596 et
398 5539 433 5594 ad
447 5537 593 5592 arbitrium
609 5535 739 5592 Ecclesiae
761 5535 921 5592 satisfacere
942 5552 1035 5591 coram
1049 5535 1150 5605 judiei—
1201 5536 1292 5589 «etruria
1305 5534 1470 5602 jutuntcuta,
1485 5551 1545 5604 tprc
1562 5534 1626 5587 olittt
1642 5537 1807 5603 praestiterat
1822 5536 1847 5588 in
1864 5535 1992 5588 manibus

356 5632 410 5685 bus
426 5643 482 5684 non
498 5627 644 5696 suspectis,
657 5625 680 5682 si
690 5626 769 5681 uobis
779 5641 890 5681 causant
915 5626 1002 5696 ipsius
1014 5625 1109 5680 audire
1123 5633 1150 5679 et
1202 5629 1365 5697 legaturum,
1392 5636 1420 5679 ct
1439 5627 1542 5682 addens
1568 5627 1742 5697 ittirpuisatctu
1770 5626 1917 5696 iniquitali,
1935 5627 1991 5680 cri·

355 5723 488 5795 expedire
499 5736 553 5777 nou
566 5721 637 5776 licet.
1202 5722 1275 5773 tulna
1304 5719 1476 5784 crituinibus,
1508 5719 1580 5773 mala
1606 5720 1696 5784 tualis,
1723 5718 1873 5774 Ecclesiam
1899 5716 1991 5771 beto

393 5817 423 5872 ln
443 5815 573 5871 omnibus
595 5821 686 5869 tamen
709 5812 860 5883 premissis
883 5811 962 5868 duxit
981 5821 1150 5868 memoratus
1201 5808 1457 5874 (llll-istiatritattettt,
1480 5808 1559 5863 ftdctu
1590 5816 1618 5863 ct
1645 5825 1739 5878 pacem
1766 5824 1829 5864 cum
1860 5804 1993 5862 itereticis

356 5924 419 5975 rex,
441 5907 662 5961 misericordiam
689 5906 886 5977 potiusquam
909 5905 1045 5976 judicium
1069 5908 1149 5960 inro-
1201 5912 1227 5955 ct
1256 5903 1384 5971 ruptariis
1412 5900 1579 5972 impugnavit
1605 5910 1633 5954 ct
1656 5902 1852 5968 darnniftcarit,
1879 5901 1992 5957 adeout

356 6003 492 6063 candum,
508 6001 620 6056 mittens
645 5999 679 6054 ad
706 5999 879 6055 clementiam
899 6010 1019 6055 uestram
1035 5998 1151 6054 clericos
1202 5995 1277 6050 ontni
1294 5996 1381 6064 gratia
1394 6004 1421 6050 ct
1440 5994 1569 6048 betulicio
1582 5993 1730 6048 reddiderit
1743 6011 1771 6048 sc
1785 5993 1937 6068 indignum.

357 6104 386 6149 et
397 6094 517 6148 barenes
529 6107 596 6147 suos
607 6107 690 6162 super
713 6090 875 6162 premissis,
893 6101 982 6148 ratum
1006 6090 1151 6146 babituros
1237 6091 1316 6158 Quod
1332 6101 1424 6146 atttcm
1439 6107 1488 6161 pre
1514 6090 1615 6146 comite
1627 6089 1719 6160 petitis
1731 6088 1935 6154 Conrcuarum,
1950 6097 1993 6141 ta·

356 6187 494 6262 quidquid
511 6201 527 6241 a
545 6188 625 6241 robis
647 6187 763 6240 conteis
788 6185 871 6244 {uetat
891 6187 1059 6243 ordiuutttttt.
1080 6184 1148 6254 sip
1203 6183 1260 6239 litet
1274 6198 1357 6254 super
1370 6183 1420 6239 boc
1445 6181 1574 6238 duximus
1592 6181 1823 6252 respondendum.
1851 6178 1905 6234 I’ro
1917 6189 1993 6234 certo

479 6288 613 6348 t‘truoe.
630 6280 764 6346 ooxttt.
1795 6274 1833 6337 21
