5125 7059
588 746 658 805 tots

1016 738 1352 801 benesonantem
1372 735 1725 796 consmtbutrtoeous,

2154 741 2220 798 tbtt

588 864 744 935 lapideum,
757 862 906 919 distantem
919 876 934 916 a
948 868 1022 915 terra
1037 861 1177 916 nominata
1189 874 1244 913 una
1256 858 1335 926 leuga
1349 864 1376 912 et
1391 862 1414 918 Λ
1427 856 1496 911 Cum
1517 856 1568 926 ipsi
1587 854 1712 910 viderent
1733 837 1784 910 nos
1803 839 1997 925 magnanimos
2007 840 2040 912 ¹'et
2060 865 2219 915 constantes

589 934 718 1004 amplius.
733 931 807 989 Pons
821 948 886 988 vero
899 933 944 987 ille
959 931 1096 1001 potentior
1112 939 1172 986 erat
1185 929 1274 984 Parvo
1290 929 1376 1008 Ponte

588 1003 787 1065 Parisiaccnsi,
803 1011 902 1069 cterat
916 1003 984 1056 adeo
999 1001 1128 1067 strictus,
1142 1001 1215 1069 qnod
1230 1009 1285 1079 tres
1300 1013 1378 1067 eqm·

589 1080 632 1128 tes
645 1073 727 1126 simul
739 1073 843 1142 iurrctis
855 1073 987 1126 lateribus
1001 1073 1045 1126 vix
1057 1080 1169 1140 possent
1182 1078 1321 1132 transtre,
1334 1082 1378 1122 va·

589 1143 655 1197 dum
674 1142 840 1213 protundum
860 1142 1042 1197 existentibus
1054 1156 1107 1193 non
1126 1140 1264 1210 potuimus
1285 1148 1379 1191 trans-

589 1226 683 1267 meare
705 1212 759 1266 nisi
782 1211 866 1265 trium
886 1213 1027 1283 leugarum
1048 1210 1202 1264 laceremus
1231 1215 1376 1262 torturam.

591 1281 620 1336 Si
636 1296 702 1337 vere
717 1287 823 1334 tentem
840 1297 855 1336 a
871 1284 979 1351 navigio
996 1288 1092 1334 nostro
1113 1279 1299 1345 distaremus,
1322 1277 1379 1331 ler-

590 1357 666 1406 tassc
688 1352 840 1420 periculum
861 1366 988 1420 magnum
1014 1350 1226 1405 incurrissemus
1248 1356 1276 1403 ct
1302 1347 1380 1401 darrrr·

589 1435 668 1475 num.
689 1420 760 1474 Curru
778 1421 998 1490 pervenissemus
1016 1419 1051 1474 ad
1072 1426 1182 1489 pontem
1205 1419 1313 1487 ipsum,
1331 1415 1378 1470 ltei

590 1491 738 1560 patientia,
756 1491 833 1544 nulle
846 1491 990 1554 obstante,
1007 1487 1255 1559 pertransivimus,
1271 1496 1299 1542 ct
1315 1500 1378 1556 pro·

589 1558 719 1615 cedentes
735 1561 852 1614 tentoria
868 1558 978 1614 lisinms
995 1559 1213 1627 interpolatione
1229 1559 1379 1628 imperate·

590 1629 648 1692 ris,
663 1630 736 1700 quod
751 1629 883 1684 besterna
898 1630 1010 1693 dicitur,
1025 1635 1059 1682 ct·
1072 1628 1204 1695 palatium
1225 1626 1376 1688 boimond,

590 1706 618 1753 ct
640 1703 681 1754 sic
705 1693 951 1770 propinquavimus
973 1696 1153 1759 blakernam,
1175 1698 1257 1767 qued¹
1273 1698 1379 1765 sagittae

590 1777 692 1844 nostrae
707 1785 790 1837 super
805 1769 936 1839 palatium
957 1766 1175 1840 imperatoriset
1190 1768 1262 1822 inira
1276 1783 1325 1838 per
1340 1766 1379 1820 lc·

592 1848 717 1902 uestras,
734 1845 761 1891 et
775 1839 882 1908 sagittae
905 1838 1063 1892 Graecorum
1086 1852 1170 1906 snper
1191 1839 1308 1892 tentoria
1328 1851 1379 1889 ne·

591 1915 648 1961 stra
663 1907 808 1964 cadebant.
822 1908 979 1970 bucineto,
996 1907 1148 1963 exercitum
1164 1916 1289 1963 nostrum
1305 1922 1380 1976 gres·

1429 927 1555 980 ordinate
1571 924 1719 995 procedere
1736 933 1763 980 ct
1783 927 1924 988 seriatim,
1945 935 1972 981 ct
1991 941 2044 982 nos
2065 942 2120 982 non
2142 943 2220 997 posse

1429 997 1463 1052 de
1478 995 1740 1066 laeilicxpugnare,
1757 996 1837 1050 ualde
1851 998 1990 1066 perterriti
2007 1007 2035 1052 et
2049 997 2159 1052 conlrrsi
2175 1014 2219 1053 cc·

1428 1067 1525 1121 derrtes
1541 1066 1640 1126 nobis,
1661 1081 1716 1119 non
1737 1066 1798 1120 ausi
1822 1067 1933 1141 luerunt
1953 1067 2054 1122 bellum
2077 1068 2219 1123 nobiscum

1429 1136 1609 1189 committere.
1625 1134 1765 1192 bsecrans
1779 1135 1851 1204 quod
1865 1153 1919 1190 nen
1931 1152 2041 1191 cramus
2055 1137 2083 1191 in
2099 1140 2219 1193 exercitu

1430 1211 1525 1260 nostro
1549 1206 1642 1275 plnres
1669 1220 1751 1275 rquam
1776 1207 1887 1260 ducenti
1912 1207 2029 1262 milites.
2055 1215 2083 1262 et
2109 1209 2219 1264 tetidem

1429 1275 1537 1344 equites
1550 1275 1615 1337 alii,
1630 1288 1685 1329 non
1699 1277 1847 1331 imbuimus
1863 1276 1957 1345 plures
1971 1292 2054 1346 quam
2065 1276 2122 1331 dere
2138 1279 2220 1332 millia

1429 1345 1570 1415 peditem;
1592 1345 1680 1415 major
1693 1346 1767 1400 enim
1788 1361 1852 1417 pars
1873 1347 2046 1401 statuebatur
2059 1349 2094 1402 ad
2115 1349 2220 1417 ingenia

1428 1413 1600 1492 conservarul
1651 1412 1707 1471 Nos
1721 1432 1786 1471 rere
1801 1417 1925 1471 videntes
1939 1432 1988 1471 ees
2002 1416 2117 1486 lugere,
2135 1435 2152 1471 ιι
2165 1416 2220 1471 :lui-

1429 1498 1492 1538 mus
1507 1499 1555 1540 ees
1570 1498 1588 1553 p
1637 1485 1715 1552 equi.
1733 1500 1768 1539 nc
1782 1487 1854 1541 torte
1868 1500 1917 1555 per
1932 1501 2027 1540 eorum
2047 1489 2129 1542 delos
2144 1503 2221 1542 eser-

1429 1554 1497 1608 ritui
1513 1563 1609 1610 nostro
1622 1564 1650 1610 ct
1664 1556 1770 1611 bellicis
1786 1557 1923 1612 urraeltinis
1938 1567 1965 1611 ct
1986 1558 2131 1623 turribus,
2154 1573 2221 1627 quas

1431 1621 1537 1678 Venetii
1562 1634 1711 1694 ceperant,
1732 1627 1863 1680 denrrtum
1886 1626 2044 1683 intentetur.
2071 1625 2221 1696 imperator

1429 1709 1495 1747 vero
1511 1694 1620 1750 rediens
1635 1695 1668 1749 ad
1685 1696 1815 1766 palatium
1831 1710 1925 1760 srrurn,
1940 1699 2060 1751 asseruit
2074 1712 2103 1752 se
2117 1699 2146 1752 in
2162 1712 2221 1751 cra·

1431 1770 1533 1819 stonum
1557 1780 1594 1835 pu
1614 1775 1742 1820 naturam
1766 1764 1931 1831 nobiscum,
1953 1767 2001 1821 sed
2025 1768 2117 1822 inedia
2144 1774 2222 1823 nocto

1431 1834 1547 1888 tatemer
1560 1781 1675 1904 auffugit.
1693 1835 1741 1889 bie
1757 1849 1821 1890 rere
1835 1833 1928 1901 lovis,
1942 1836 2014 1889 sicut
2036 1837 2220 1905 promiserat,

1430 1903 1577 1960 debuimus
1588 1915 1690 1975 pariter
1703 1906 1847 1960 dimicare.
1864 1907 2057 1960 incrastinum
2070 1922 2154 1972 sero,
2170 1907 2222 1962 lieo

531 3515 533 3520 '
590 3523 633 3567 ter

590 1977 713 2045 sispalis
737 1977 980 2033 circumcinximus
1006 1988 1033 2033 ct
1046 1977 1129 2033 liciis.
1156 1976 1378 2046 lteindeingenia
1430 1981 1579 2042 operante,
1606 1975 1657 2029 l'uit
1683 1975 1762 2029 nobis
1787 1976 1885 2030 civitas
1910 1976 2034 2042 reddita,
2060 1985 2089 2030 et
2113 1979 2222 2032 luerunt

589 2054 687 2100 nestra
703 2048 802 2103 bellica
817 2063 865 2116 per
879 2048 1014 2116 petrarias
1028 2053 1092 2101 ante
1112 2061 1206 2102 muros
1227 2049 1377 2101 ereninms.
1432 2050 1494 2096 ecte
1510 2043 1569 2098 dies
1583 2044 1714 2113 cervrpleti
1728 2060 1742 2097 a
1758 2044 1879 2102 civitatis
1893 2045 2048 2101 obsidione.
2063 2044 2144 2101 Tunc
2160 2063 2223 2103 vere

589 2113 651 2171 ltux
664 2131 730 2178 vere
742 2115 861 2173 Venetiae
874 2132 957 2187 seper
969 2117 1119 2187 quamlibet
1132 2116 1223 2171 navim
1237 2115 1379 2170 corrstituit
1431 2110 1579 2169 llarisaeus
1594 2115 1754 2183 imperator,
1771 2122 1799 2169 et
1821 2114 1981 2185 imperatrix
1999 2129 2071 2170 uxor
2085 2115 2167 2186 ejus,
2182 2118 2223 2170 vi-

589 2185 625 2240 de
646 2188 774 2243 antennis
799 2195 907 2257 pontem
925 2187 1107 2250 altissimum,
1123 2186 1150 2241 in
1173 2185 1315 2241 altitudine
1337 2201 1381 2255 pe
1395 2204 1417 2258 p
1431 2182 1530 2237 delicet
1554 2197 1634 2238 soror
1654 2185 1727 2253 regis
1741 2182 1906 2255 berngarius,
1923 2185 1970 2255 qni
1987 2183 2034 2239 diu
2057 2186 2087 2241 iu
2110 2187 2224 2242 berrere

590 2256 640 2312 des
654 2263 764 2311 centnm
781 2256 925 2312 lrabcntcm
938 2295 946 2319 ,
961 2265 988 2310 ct
1003 2271 1087 2325 super
1099 2257 1249 2324 quemlibet
1266 2262 1377 2326 pontem
1432 2254 1499 2310 tenti
1522 2251 1632 2308 luerunt
1646 2262 1673 2310 et
1687 2254 1807 2318 inclusi,
1823 2256 1904 2310 nobis
1919 2255 2097 2313 rrrultinrodas
2117 2257 2221 2327 gratias

590 2333 717 2394 poterant
730 2326 770 2381 ire
782 2336 900 2397 quatuor
912 2327 1014 2381 milites
1027 2327 1136 2381 armati.
1162 2325 1297 2382 Praeterea
1317 2326 1380 2395 qui·
1430 2324 1597 2387 relerentes,
1614 2325 1814 2380 marrdnvcrunt
1828 2326 1902 2395 quod
1919 2339 1968 2396 per
1982 2323 2028 2379 tter
2045 2328 2183 2395 gratiam,
2198 2334 2224 2382 et

589 2397 653 2449 dam
667 2394 797 2452 Ussaries
811 2412 878 2452 suus
896 2396 1013 2451 babebat
1029 2396 1194 2466 triagnellum
1208 2403 1342 2451 crectunr.
1430 2404 1556 2448 uestrum
1581 2396 1731 2455 auxilium,
1757 2393 1865 2449 luerent
1885 2409 1900 2447 a
1925 2410 2037 2450 earcere
2053 2396 2182 2459 liberati,
2198 2404 2224 2451 et

626 2464 696 2520 llum
710 2473 801 2521 autem
815 2467 872 2522 trac
887 2468 999 2530 tierent,
1010 2465 1097 2520 Greci
1114 2467 1182 2536 pede
1196 2477 1223 2522 et
1236 2482 1308 2538 equo
1322 2467 1380 2534 plu·
1429 2463 1504 2532 quod
1516 2463 1609 2532 ldeees
1635 2466 1743 2534 imperii
1765 2464 1949 2530 rehabebant,
1972 2473 2000 2521 et
2019 2466 2094 2535 quod
2121 2466 2152 2521 in
2166 2480 2225 2521 era·

590 2550 636 2592 res
659 2537 784 2591 lecerunt
806 2537 1007 2591 insultationes.
1031 2535 1133 2590 Verum
1153 2537 1255 2607 quique
1276 2538 1305 2590 in
1328 2538 1380 2588 boc
1430 2533 1504 2587 stine
1516 2548 1567 2587 nos
1583 2533 1611 2587 in
1626 2535 1756 2603 palatium
1771 2538 1927 2592 sentiremus
1942 2543 2074 2606 tamquam
2098 2544 2224 2592 commea

589 2619 699 2675 semper
713 2620 764 2661 nos
778 2606 899 2662 deterius
916 2606 1083 2661 babuerunt.
1104 2605 1228 2673 Quaedam
1248 2607 1293 2661 die
1308 2607 1380 2659 mdi·
1430 2615 1493 2656 cum
1517 2604 1573 2657 lilio
1593 2619 1645 2658 suo
1668 2604 1716 2658 diu
1737 2605 1910 2669 desiderato,
1935 2615 1962 2659 et
1983 2606 2020 2660 ita
2042 2606 2181 2671 leciurus,
2201 2613 2227 2662 et

591 2684 648 2729 tem
663 2675 812 2731 multitudo
826 2677 859 2731 de
871 2675 989 2745 (quadam
1005 2683 1083 2744 porta
1098 2677 1258 2730 catervatim
1272 2675 1378 2740 exiens,
1431 2672 1660 2729 nrarrdeearimus
1675 2674 1703 2730 in
1718 2674 1822 2745 palatio
1839 2689 1903 2730 cum
1924 2677 2031 2748 magnis
2056 2677 2225 2734 exsultatio·

589 2759 651 2814 quae
662 2752 740 2814 porta
752 2754 825 2815 patet
836 2761 852 2800 a
865 2747 960 2800 dextra
971 2755 1049 2814 parte
1060 2747 1206 2814 superius,
1219 2747 1340 2807 exsiliit,
1352 2753 1381 2800 et
1430 2742 1513 2797 uibus
1527 2752 1555 2798 et
1569 2743 1676 2799 lronorc
1691 2746 1816 2801 solemni.
1867 2793 1872 2804 .

589 2830 642 2870 ries
664 2815 821 2884 preroeavit
841 2814 876 2869 ad
897 2829 982 2869 arnna.
1007 2814 1082 2880 Quies
1100 2816 1187 2869 nostri
1207 2816 1244 2869 ita
1260 2831 1322 2869 curn
1337 2817 1381 2869 in-
1466 2812 1530 2867 ttae
1545 2814 1671 2882 equidem
1686 2815 1821 2871 seirenes
1836 2813 1985 2885 reloquod
2001 2813 2034 2870 ll.
2049 2815 2084 2871 de
2098 2815 2189 2874 Parke
2200 2822 2227 2873 et

590 2884 663 2954 genti
685 2885 790 2954 impetu
813 2892 840 2939 et
864 2887 927 2940 lorti
950 2885 1081 2940 audacter
1101 2886 1285 2957 pepulerunt,
1306 2885 1380 2955 vqrred
1432 2879 1465 2936 R.
1482 2883 1516 2938 tle
1530 2881 1753 2953 Merite-iliram,
1766 2883 1798 2939 b.
1810 2884 1845 2940 de
1858 2884 2195 3012 Bouedcreselymamss
2218 2914 2228 2927 ·

589 2954 669 3008 inulti
684 2969 779 3010 eorum
796 2956 882 3010 altero
905 2957 1021 3010 atterum
1042 2956 1193 3010 inclinante
1215 2960 1381 3018 corruerent
1432 2959 1537 3017 tentes,
1551 2959 1578 3008 et
1591 2951 1617 3009 d.
1631 2953 1666 3009 dc
1679 2954 1768 3020 lione,
1781 2966 1805 3010 ct
1824 2953 1854 3010 S.
1868 2955 1903 3009 dc
1916 2953 2108 3021 beate-tom,
2123 2954 2160 3012 tt.
2198 2973 2227 3012 a·

590 3025 619 3078 in
635 3025 741 3088 lessas,
760 3025 832 3080 inter
845 3040 915 3095 quos
929 3027 1003 3081 lilius
1018 3025 1099 3080 decis
1111 3024 1145 3080 dc
1161 3024 1264 3090 Deras,
1279 3026 1325 3096 qni
1343 3027 1384 3080 iu·
1431 3021 1617 3087 les-licinus,
1635 3025 1720 3080 abbas
1735 3027 1769 3081 de
1783 3024 1924 3089 vallibus,
1945 3040 2071 3096 magnam
2094 3029 2129 3082 in'
2145 3030 2225 3084 stolio

590 3103 634 3147 ter
659 3094 982 3167 constantinopolitanos
1006 3097 1166 3165 generosior
1188 3103 1216 3152 et
1239 3097 1381 3166 putebrier
1432 3092 1565 3149 iacientes
1578 3095 1780 3151 dissensionem
1794 3096 1829 3151 ad
1844 3110 1935 3166 regem
1949 3094 2148 3166 llervgarorum
2164 3113 2226 3169 pro·

589 3163 743 3228 dicebatur,
757 3179 819 3219 cerri
833 3165 999 3236 quibusdam
1012 3167 1074 3220 aliis
1082 3167 1193 3221 ‘exstitit
1207 3167 1380 3222 inter-lectus.
1432 3171 1575 3232 perarrtes,
1600 3167 1722 3220 escrcitu
1749 3177 1844 3221 nostro
1860 3167 1975 3229 relicto,
1999 3180 2052 3220 nos
2076 3168 2105 3221 in
2132 3168 2228 3223 uronis

590 3233 719 3289 Crastina
734 3250 844 3304 opereque
859 3237 903 3291 die
918 3235 1043 3304 quedam
1062 3236 1162 3291 cebers
1176 3237 1294 3291 militnm
1313 3236 1383 3290 civi·
1432 3233 1596 3288 discrimine
1611 3235 1792 3305 reliquerunt.
1807 3234 1845 3291 lle
1861 3234 1930 3290 derce
1944 3237 2081 3306 siquidem
2098 3235 2228 3293 vienens-

589 3305 674 3366 tatis,
690 3319 740 3373 per
760 3315 821 3373 port
840 3320 866 3359 m
890 3305 1029 3359 blakernae
1049 3306 1169 3372 exsiliit,
1186 3320 1217 3360 ea
1233 3315 1312 3376 perte
1328 3321 1381 3377 qua
1431 3316 1508 3365 rum,
1525 3311 1656 3374 tauquam
1672 3306 1706 3360 de
1720 3306 1781 3359 vire
1795 3303 2030 3375 prudentissimo,
2046 3306 2117 3361 etin
2134 3308 2224 3362 consi·

590 3374 701 3443 ingenia
725 3383 819 3428 nestra
844 3375 941 3430 bellica
966 3377 1096 3430 constitm
1119 3376 1293 3441 leceravnus;
1317 3379 1380 3442 scd,
1432 3373 1476 3427 liis
1499 3373 1594 3428 ardetis
1618 3375 1746 3440 erudito,
1772 3390 1824 3431 nos
1848 3375 1997 3444 plurimum
2022 3377 2227 3433 collaudamus.

589 3442 647 3498 lieo
667 3442 794 3508 'urarrte,
811 3444 886 3499 intro
900 3445 1010 3500 restrissi
1025 3454 1091 3500 sunt
1108 3449 1226 3516 turpiter
1240 3455 1268 3502 et
1284 3454 1381 3516 peten-
1431 3441 1512 3497 Aliud
1527 3443 1655 3514 equidem
1669 3446 1756 3499 multe
1767 3446 1866 3500 rrrelius
1877 3452 1905 3500 et
1916 3446 2067 3514 gloriosius
2079 3448 2228 3504 antedictis

659 3459 739 3569 'lunc
753 3513 864 3585 quidem
881 3514 931 3569 leit
946 3514 1130 3585 interemptus
1144 3514 1256 3587 quidam
1273 3518 1316 3570 vir
1334 3531 1416 3602 pec
1433 3513 1611 3582 svrbjnnemm
1627 3514 1879 3586 est‚.propter‚qnod
1887 3516 2077 3586 principaliter
2085 3518 2122 3572 ad
2132 3518 2228 3574 cirita-

589 3580 703 3650 vertier,
725 3590 753 3638 et
773 3586 801 3638 in
822 3586 917 3639 militia
939 3586 1037 3640 melier
1057 3585 1186 3641 errrrribus
1201 3587 1336 3651 civitatis,
1354 3594 1380 3641 et
1433 3589 1487 3636 tem
1504 3584 1605 3654 regiam
1616 3586 1934 3642 crrravnmrsadventere
1947 3587 2133 3659 volvissetago
2142 3588 2230 3658 expli·

589 3653 767 3708 consiiiarius
780 3653 964 3724 imperatoris.
983 3655 1031 3711 llic
1047 3654 1175 3710 llercurii
1190 3663 1252 3724 post
1273 3655 1383 3710 ordina·
1433 3653 1723 3725 care,sidclicetquod
1733 3671 1765 3711 eo
1775 3655 1904 3727 usquead
1920 3657 2060 3726 negotium
2076 3657 2228 3713 Salsamris

592 3730 652 3777 turn
671 3722 724 3778 luit
737 3730 766 3778 et
786 3727 959 3795 propositam
976 3725 1049 3793 quod
1064 3725 1092 3779 in
1107 3727 1232 3780 erastino
1246 3725 1322 3780 secret
1339 3728 1383 3781 iu·
1433 3723 1638 3791 processimus,
1651 3725 1724 3794 quod
1738 3726 1861 3780 licciesia
1877 3724 2042 3792 Orientalis,
2059 3727 2145 3796 cujus
2160 3727 2228 3782 Cora-

590 3793 683 3848 soltus
697 3790 731 3847 ad
744 3795 898 3858 civitatem,
914 3794 1042 3850 videlicet
1056 3795 1113 3849 dux
1130 3794 1249 3850 t'cnetiae
1262 3811 1312 3867 per
1325 3811 1383 3848 ma·
1432 3793 1625 3862 stantiuepolis
1638 3804 1721 3864 eaput
1733 3797 1841 3851 exstitit
1853 3833 1860 3858 ,
1873 3810 1935 3849 curn
1949 3797 2120 3867 imperatore
2132 3807 2161 3853 et
2171 3799 2230 3852 nni·

589 3876 636 3929 re,
650 3863 773 3919 marceio
782 3871 810 3920 et
823 3878 915 3919 comes
926 3862 1062 3919 Flandriae
1075 3876 1236 3935 perversam
1249 3866 1381 3921 assiliret.
1432 3875 1514 3915 verse
1527 3864 1589 3930 eius
1604 3866 1737 3934 imperio,
1754 3866 1837 3935 capiti
1852 3881 1903 3920 sue
1918 3864 2044 3920 betruano
2059 3867 2186 3938 pontiflci
2200 3884 2229 3924 se

589 3931 648 4003 Ego
663 3933 800 4002 siquidem
814 3940 842 3989 ct
856 3933 892 3990 lt.
913 3933 948 3988 dc
971 3935 1063 3990 llerne
1077 3933 1266 4000 lloreutieeo,
1290 3949 1376 3989 mare·
1433 3945 1495 3986 esse
1518 3934 1603 3987 libem
1626 3935 1816 4006 recognoscit,
1840 3943 1867 3989 ct
1886 3937 1945 3989 vnlt
1965 3935 2000 3990 de
2019 3945 2124 3992 catere
2142 3939 2228 3993 cidere

589 4001 693 4058 scalles
707 4002 880 4072 Campaniae,
897 4001 930 4057 Α.
948 4003 982 4058 de
997 4003 1027 4060 S.
1044 4005 1151 4075 Cyrene
1173 4006 1239 4058 dene
1262 4009 1383 4060 assnttns
1434 4016 1510 4057 rnorc
1538 4005 1621 4058 solite
1644 4005 1797 4060 lrurrrilitatc
1821 4008 1927 4076 captiva
1953 4006 2081 4062 devotius
2105 4007 2227 4063 obedire.

589 4073 686 4137 tieret,
702 4072 907 4129 custodiremus
919 4076 1070 4129 exercitum
1082 4074 1162 4143 juxta
1177 4074 1277 4129 vallum
1297 4074 1383 4128 lerin·
1434 4068 1493 4139 lpse
1505 4073 1587 4126 etiarn
1598 4073 1721 4141 eiusdem
1737 4075 1892 4144 patriarcba
1908 4075 1972 4129 bule
1987 4077 2118 4143 aspirans
2129 4079 2227 4148 operi.

590 4156 672 4198 secte
686 4149 714 4197 et
728 4156 778 4212 per
792 4156 921 4212 cornipes,
936 4144 1016 4198 etsie
1031 4144 1157 4199 lecimus.
1433 4141 1604 4210 applaudens
1620 4158 1677 4196 sue
1691 4143 1833 4214 dignitatis
1852 4143 1963 4214 pallium
1979 4160 1995 4199 a
2010 4161 2125 4202 summo
2140 4149 2229 4219 periti·

626 4208 710 4266 Facta
724 4219 815 4266 autem
828 4212 1018 4273 ordinatione,
1030 4220 1057 4268 et
1070 4213 1213 4284 proposito
1225 4214 1382 4280 terminate,
1435 4210 1485 4264 tice
1498 4222 1667 4282 receptums,
1681 4211 1834 4267 lionmnarn
1845 4215 1963 4269 ulterius
1979 4218 2074 4271 sedem
2089 4218 2227 4288 requiret.

590 4279 647 4337 dux
660 4287 688 4336 et
705 4279 812 4337 Venetii
828 4296 891 4336 cum
908 4283 1073 4353 quibusdam
1089 4282 1123 4338 dc
1144 4285 1246 4339 nostris
1268 4285 1314 4353 qni
1335 4300 1385 4354 per
1433 4287 1467 4359 et¹
1481 4295 1565 4350 super
1586 4284 1637 4336 bae
1658 4285 1715 4353 ipse
1734 4299 1797 4337 curn
1812 4286 1978 4352 imperatore
1991 4286 2146 4354 iterationis
2161 4304 2229 4360 pre·

589 4365 666 4406 unare
679 4352 789 4422 navigio
802 4358 930 4422 potenter
944 4352 1104 4416 instabant,
1122 4368 1207 4424 prope
1222 4357 1310 4410 rerer-is
1332 4371 1383 4408 trava
1434 4352 1505 4405 stetit
1519 4357 1686 4407 raunencnr.
1703 4353 1744 4405 be
1768 4354 1827 4408 lraec
1846 4363 1941 4409 nester
1961 4355 2125 4426 insuperator,
2141 4360 2229 4413 ornai-

589 4420 670 4477 vibes
682 4424 846 4491 applicatis,
862 4423 952 4477 scalas
965 4424 1061 4489 ,meris
1077 4425 1247 4478 acclinantes
1261 4425 1384 4480 intrave-
1435 4418 1487 4500 ltus
1511 4436 1572 4490 equae
1592 4423 1757 4492 premiserat
1780 4425 1859 4494 plene
1883 4432 1911 4478 ct
1930 4426 2037 4495 integre
2060 4429 2227 4496 persolutis,

588 4499 656 4546 runt
669 4504 731 4545 curn
748 4491 872 4547 virtuose
887 4493 994 4562 impetu
1012 4494 1170 4559 civitatem,
1186 4494 1283 4564 viginti
1300 4495 1384 4564 qnin-
1431 4501 1589 4556 Jnramente
1604 4508 1634 4548 se
1649 4494 1729 4548 rvebis
1743 4494 1909 4549 cerratensis
1923 4509 1954 4549 se
1967 4495 2116 4552 nobiseum
2139 4508 2228 4555 trans-

590 4575 645 4629 que
663 4561 753 4617 tribus
774 4561 933 4616 leerclaetis
951 4564 1030 4633 juxte
1052 4563 1234 4632 ‹puerilitatem
1257 4564 1383 4618 Atrebati
1435 4563 1535 4615 ireture
1559 4563 1593 4616 ad
1617 4561 1736 4617 untedium
1774 4565 1904 4619 instantis
1929 4564 2018 4620 liartii
2042 4581 2108 4621 cum
2135 4569 2227 4624 ιιιιιιιιι

589 4633 626 4686 dc
639 4630 751 4685 ciuitate
762 4645 819 4686 non
834 4631 941 4686 modica
957 4633 1180 4688 combusserunt.
1199 4633 1292 4688 liostrr
1313 4650 1383 4704 que·
1435 4630 1556 4685 millibus
1567 4633 1740 4697 bellatorum,
1751 4635 1799 4688 toti
1813 4636 1945 4690 exercitui
1957 4633 2067 4692 Deretini
2081 4637 2112 4692 in
2127 4654 2227 4694 annum

589 4715 644 4772 que
659 4715 707 4770 per
721 4706 823 4755 terram
837 4716 902 4755 suos
919 4700 1054 4758 iacientes
1069 4704 1210 4769 assultus,
1234 4705 1319 4760 scalis
1343 4706 1383 4758 ei·
1435 4700 1565 4754 victualia
1580 4702 1765 4772 largiturum,
1781 4712 1809 4759 ct
1822 4706 1934 4760 stolium
1951 4703 2135 4762 Venetiorum
2151 4709 2228 4765 uobis

590 4769 693 4825 militer
703 4771 942 4840 murisappositis,
954 4788 1020 4826 suas
1030 4787 1113 4842 super
1123 4788 1218 4829 neuros
1229 4782 1383 4844 posuerunt
1434 4771 1579 4841 prolongat
1594 4771 1622 4824 in
1638 4787 1751 4828 :renum
1769 4772 1924 4830 l'raenrissis
1937 4779 2019 4831 ettam
2033 4792 2067 4833 ex
2085 4793 2168 4849 parm
2180 4793 2228 4837 sua

590 4839 720 4894 banerias
734 4848 761 4894 et
778 4843 887 4896 vexilla.
911 4841 1055 4897 ldinitercs
1083 4857 1150 4897 vero
1179 4859 1291 4898 urrerem
1313 4845 1378 4898 inlc·
1400 4847 1463 4938 net
1477 4851 1571 4896 nostra
1589 4844 1711 4908 rrurrtiis,
1735 4841 1770 4896 ael
1784 4843 1931 4898 suldanum
1948 4845 2123 4916 babyloniae,
2138 4849 2228 4906 Terre

590 4909 650 4964 rius
674 4917 857 4974 excavantes,
883 4926 965 4965 unam
987 4913 1086 4966 turrim
1111 4920 1280 4970 straverunt.
1304 4913 1381 4969 Turre
1438 4906 1546 4989 §anetae
1560 4910 1648 4979 ipsius
1662 4915 1849 4979 detentorem,
1863 4915 2060 4985 mandatqeod
2073 4918 2138 4988 ipse
2151 4921 2226 4976 devo

590 4979 740 5049 imperator
762 4980 889 5035 inccndio
909 4981 1040 5046 civitatis,
1061 4990 1088 5037 ct
1099 4987 1202 5040 nestris
1213 4985 1332 5049 insidiis,
1356 4992 1383 5039 et
1437 4985 1538 5036 bouem
1558 4983 1651 5051 pepuli
1676 4981 1826 5038 Christiani
1849 4985 1922 5055 genti
1946 5000 2003 5040 suae
2026 4985 2181 5046 incredulae
2200 4994 2226 5046 in

590 5047 756 5117 importunis
768 5049 916 5105 insultibus
928 5052 1049 5121 undique
1059 5060 1229 5119 coarctatus,
1241 5054 1275 5109 ad
1289 5065 1383 5126 portas
1437 5051 1562 5119 proximo
1577 5061 1759 5116 ostensurus,
1782 5053 1816 5107 ad
1836 5054 2031 5110 contritionem
2054 5056 2226 5117 infidelitatis

590 5116 789 5188 singulasque
804 5121 837 5174 ad
852 5134 964 5190 carrrpos
979 5125 1083 5176 exitum
1103 5123 1259 5190 faciebant,
1279 5126 1383 5180 coristi·
1437 5121 1485 5174 ttei
1510 5121 1639 5176 virtutem
1664 5130 1691 5177 et
1716 5123 1934 5178 misericerdiam
1959 5128 2148 5196 exspectabit.
2174 5130 2225 5188 llos

591 5186 643 5239 tuit
656 5194 762 5242 turmas
774 5189 890 5244 militum
903 5205 958 5244 nou
970 5206 1141 5260 paucerum,
1155 5205 1185 5248 ut
1198 5210 1248 5249 tres
1263 5196 1383 5249 circem·
1437 5190 1522 5258 igitnr
1542 5198 1582 5243 tet
1602 5200 1630 5244 et
1650 5193 1735 5246 tantis
1756 5193 1923 5249 utilitatibus
1944 5199 2111 5265 provocati,
2133 5208 2162 5256 et
2181 5217 2225 5273 spe

590 5269 699 5335 quaque
713 5258 824 5313 invasos
840 5266 1010 5315 truncarent.
1027 5261 1143 5317 Ecurrtra
1156 5279 1207 5319 ares
1219 5272 1330 5319 nostras
1342 5279 1384 5318 er·
1437 5269 1532 5314 soracte
1548 5260 1701 5316 leturorem
1714 5263 1848 5317 benorum
1864 5264 1981 5330 detenti,
1997 5267 2072 5337 apud
2085 5272 2224 5327 cavitates

590 5327 746 5382 dietavimus
765 5343 889 5401 pugnas,
909 5344 1002 5386 cernes
1022 5331 1156 5386 Flanrlriae
1173 5349 1236 5388 curre
1255 5337 1331 5398 suis,
1352 5342 1380 5389 ct
1437 5330 1626 5399 prescriptam
1651 5331 1831 5402 propositurus
1859 5334 1998 5400 biernare,
2023 5346 2052 5392 ⁸2²
2075 5339 2133 5395 ¹¹00
2157 5341 2223 5397 idem

590 5410 642 5465 ego
653 5409 762 5467 quoque
771 5413 835 5453 eum
848 5399 928 5462 meis,
943 5409 1057 5470 aterque
1072 5402 1176 5456 scilieet
1188 5405 1215 5457 in
1227 5418 1315 5458 cuneo
1329 5419 1380 5459 sno
1435 5403 1565 5453 tratribus
1578 5405 1681 5456 nostris
1694 5403 1739 5473 qui
1752 5404 1945 5460 transmarinis
1957 5407 2086 5476 pertibus
2100 5418 2222 5466 nestram

591 5469 747 5519 consistens
769 5475 833 5522 ante
855 5469 1026 5531 custodiam,
1050 5479 1076 5523 et
1100 5474 1283 5540 equitavimus
1305 5475 1380 5527 ordi·
1435 5471 1628 5535 prestolentur
1656 5473 1803 5526 adverrtunr
1834 5476 1992 5529 curarimus
2020 5476 2172 5545 intiruare,
2199 5493 2223 5533 ut

592 5541 713 5599 nate,et
728 5537 868 5604 conjuncti
880 5538 959 5607 insta
976 5540 1098 5607 prelium
1114 5544 1193 5599 erebis
1207 5545 1380 5597 contrarium
1434 5541 1505 5607 ipsi,
1536 5548 1694 5595 nostrorum
1723 5541 1824 5598 auditis
1852 5545 2009 5600 rutuoriltus
2039 5549 2222 5618 gaudiorum.

592 5603 633 5658 cis
647 5603 715 5685 adeo
729 5607 997 5685 appropinquantes,
1011 5612 1083 5679 qued
1096 5626 1191 5665 corum
1205 5613 1340 5683 sagittarii
1353 5621 1380 5668 et
1434 5624 1551 5676 quornm
1573 5625 1620 5665 eos
1644 5613 1793 5681 participes
1814 5628 1876 5669 esse
1889 5623 2090 5684 peroptamus,
2109 5621 2223 5677 aduniri·

564 5749 566 5754 Ι
593 5672 758 5731 arbabstarn
777 5678 920 5733 trabebant
941 5678 969 5732 in
996 5694 1064 5745 nes,
1083 5689 1110 5734 et
1129 5683 1216 5736 nestri
1240 5687 1267 5737 tn
1291 5683 1376 5754 ipsos.
1434 5680 1495 5733 cute
1511 5679 1569 5749 spei
1585 5692 1686 5736 sancte
1701 5682 1821 5752 snu‘etti,
1854 5691 2028 5741 coustantius
2051 5699 2222 5761 exspectem.
