5125 7059
601 715 654 768 pop
1213 698 1375 757 substiti
1395 700 1530 760 secum
1548 698 1603 755 xit.
2165 708 2232 762 toto

635 825 703 880 item
714 824 832 879 consilio
846 823 969 894 ejusdem
985 818 1158 893 imperatoris
1172 816 1346 875 Constantini
1361 815 1389 871 in
1403 821 1427 878 Α
1441 820 1551 867 uocatus
1568 826 1584 865 u
1600 811 1782 867 Constantino
1805 811 1893 870 deluit
1917 816 1996 872 senio
2014 825 2161 887 gravatus,
2186 822 2232 876 sed

602 917 668 971 urbe
677 913 765 971 llorna
775 916 952 986 congregavit
961 927 1104 968 ccxxxxrtr
1117 909 1390 983 episcoposetdam-
1440 918 1490 974 pro
1503 919 1538 958 co
1552 902 1631 959 litus
1644 911 1672 961 et
1686 903 1845 963 Vincentius
1862 908 2016 980 presbyteri
2034 909 2230 970 interfuerunt.

601 1007 790 1062 nauticarum
806 1016 860 1061 tam
875 1008 1115 1076 nonnumquam
1128 1003 1235 1068 Arium,
1247 1009 1274 1058 et
1293 1000 1388 1056 Pboti·
1440 994 1498 1051 Sub
1513 995 1566 1051 boc
1580 996 1661 1051 Arius
1675 1005 1703 1052 et
1717 996 1838 1056 lautores
1853 999 1924 1070 ejtrs,
1941 1002 1988 1072 qui
2004 1002 2231 1059 consubstantia·

601 1115 665 1157 „mn
683 1109 766 1170 „que
782 1098 941 1155 smmum,
958 1098 1106 1154 Consumis
1125 1098 1218 1158 epam,
1232 1103 1262 1149 „a
1275 1094 1390 1166 presby.
1439 1085 1524 1142 litatis
1546 1087 1629 1142 verbo
1644 1088 1854 1159 derogaverunt,
1871 1091 1992 1161 plenarie
2015 1092 2142 1147 damnati
2157 1101 2229 1149 sunt.

601 1201 689 1247 torum
704 1190 1051 1260 Arianumresipiscemem
1065 1202 1147 1243 nemo
1160 1185 1323 1256 susciperet,
1335 1184 1389 1239 nisi
1439 1175 1492 1243 0¹¹¹
1511 1177 1593 1231 tilam
1615 1177 1667 1232 θυι)
1680 1178 1842 1234 C⁰¹¹⁸l²¹lti⁰
1861 1179 1917 1235 fflid
1936 1180 2116 1238 C⁰⁰⁸l²¹ttit¹i
2130 1184 2231 1243 Atiam

600 1288 746 1356 episcopus
760 1284 883 1353 ejusdcm
899 1283 951 1338 loci
965 1298 1027 1338 eum
1042 1280 1241 1344 reconciliaret,
1257 1287 1285 1335 et
1296 1293 1389 1333 sacro·
1439 1268 1629 1326 tribulationes
1643 1271 1774 1325 cteusilia
1789 1287 1838 1341 per
1850 1287 1866 1325 x
1877 1287 1985 1330 menses
1999 1289 2162 1346 perpessus.
2172 1282 2231 1347 bost

601 1385 698 1431 sancto
710 1376 860 1429 cbrismate
871 1389 920 1444 per
934 1388 1033 1429 manus
1052 1372 1252 1444 impositionem
1263 1371 1313 1443 (in)
1324 1385 1388 1425 san·
1439 1359 1497 1415 hiet
1508 1375 1570 1414 tum
1581 1375 1677 1432 meunt
1689 1361 1776 1431 glorie
1790 1363 1824 1418 ad
1839 1363 1930 1419 sedem
1942 1379 2021 1420 suam
2038 1375 2230 1426 resersusest.

600 1466 637 1520 cti
658 1464 777 1536 Spiritus
792 1466 889 1536 gratia,
913 1480 973 1536 nurse
992 1465 1027 1518 ab
1042 1463 1177 1518 lraereticis
1192 1462 1252 1517 dari
1267 1477 1323 1516 non
1339 1476 1389 1532 po·
1438 1452 1461 1506 A
1477 1469 1533 1524 (1¹1⁰
1545 1453 1628 1509 etium
1642 1452 1673 1509 B·
1697 1453 1820 1511 Donatus
1832 1457 1979 1527 episcopus
1993 1471 2178 1516 consecratus
2189 1468 2229 1518 est

600 1566 664 1621 test.
678 1573 740 1613 eum
750 1557 935 1613 coolirmaret.
951 1554 979 1610 lu
993 1569 1048 1626 qua
1060 1555 1143 1610 etiarn
1157 1552 1262 1624 synodo
1271 1567 1390 1609 consen·
1438 1544 1532 1600 Atilii·
1545 1546 1672 1601 Canobus
1686 1546 1781 1602 statuit
1794 1562 1843 1603 ιιι.
1853 1548 1879 1605 l.
1894 1546 1953 1604 Non
1966 1565 2030 1607 esse
2043 1554 2229 1609 accusandum

600 1664 632 1706 su
656 1655 684 1704 et
708 1648 911 1718 subscriptione
935 1646 1056 1701 omnium
1087 1644 1268 1700 constitutum
1293 1649 1336 1698 est
1359 1650 1389 1696 ιιι
1438 1637 1609 1710 episcopum,
1632 1639 1687 1694 nisi
1712 1640 1884 1713 inlegitima
1908 1643 2025 1715 synodo.
2042 1643 2072 1700 2.
2087 1643 2150 1700 Non
2172 1662 2229 1702 esse

600 1741 693 1798 nullus
708 1741 794 1795 laicus
808 1740 910 1795 clerieo
928 1740 1031 1793 criuren
1047 1737 1146 1793 audeat
1160 1736 1271 1800 interro,
1291 1741 1319 1790 et
1333 1750 1389 1790 non
1439 1729 1625 1786 darnuandum
1640 1732 1798 1802 episcopum
1810 1733 1870 1790 sine
1880 1737 2016 1790 sententia
2031 1737 2110 1795 sedis
2124 1749 2228 1809 aposto·

599 1842 707 1888 tantum
727 1831 762 1888 de
780 1833 928 1903 episcopis.
944 1832 991 1887 sed
1013 1838 1041 1886 et
1055 1831 1090 1886 de
1103 1830 1232 1916 omnibns
1247 1829 1390 1884 ordinibus
1440 1821 1508 1876 tica.
1524 1821 1552 1877 ὅ.
1569 1820 1607 1876 De
1629 1824 1780 1893 pertulistis
1796 1823 1919 1892 iudiciis.
1934 1825 1962 1881 l.
1979 1824 2019 1883 De
2037 1829 2228 1886 coeleste&

600 1922 776 1986 elericorum,
791 1936 840 1976 nec
851 1918 1072 1976 ullusinlerioris
1086 1919 1191 1974 ordinis
1206 1918 1392 1974 adversussu·
1440 1911 1486 1978 Ut,
1502 1912 1549 1983 udi
1565 1913 1681 1967 crimina
1702 1913 1858 1980 itttedddttl·
1876 1932 1924 1986 lter
1938 1932 1968 1974 st
1987 1930 2134 1979 accusent.
2151 1924 2179 1980 6.
2194 1922 2229 1980 De

600 2017 735 2086 perierem
747 2018 792 2069 dct
808 2015 1011 2069 accusationem
1021 2014 1157 2083 aliquam
1172 2021 1200 2068 et
1214 2011 1390 2067 nondamna-
1439 2005 1630 2075 appellatione.
1648 2005 1672 2063 7.
1688 2003 1728 2061 lle
1748 2010 1977 2065 excommunicati
1995 2022 2141 2071 accusent.
2160 2014 2228 2072 Con·

599 2107 673 2163 bitur
687 2107 797 2177 praesul,
822 2106 875 2161 nisi
892 2108 920 2160 in
941 2121 1026 2169 ιιιιι,
1046 2120 1135 2176 neque
1149 2120 1273 2161 summus
1289 2104 1389 2176 praesul
1440 2097 1530 2152 stituit
1543 2107 1685 2168 ptaetereds
1701 2108 1731 2153 tlt
1745 2100 1838 2156 bullus
1852 2103 1969 2159 clericus
1986 2119 2103 2162 causam
2117 2111 2223 2179 quanti

599 2213 614 2251 a
634 2212 771 2268 quoquam
782 2197 938 2267 judicetur·
959 2198 1102 2267 presbyter
1121 2204 1212 2251 autem
1228 2196 1387 2263 cardinalis,
1404 2169 1523 2246 Bbetin
1538 2191 1648 2263 publico
1662 2200 1766 2262 ageret,
1782 2194 1836 2250 biti
1850 2194 1879 2250 in
1903 2198 2033 2258 eeclesia,
2044 2207 2075 2254 et
2088 2201 2187 2255 notitia
2199 2203 2224 2256 a·

600 2287 652 2343 nisi
679 2289 707 2342 in
722 2289 903 2359 quadraginta
928 2297 1046 2360 quatuor
1064 2289 1180 2344 testibus
1201 2288 1388 2345 damnabitur.
1440 2282 1537 2339 delites
1556 2300 1604 2355 per
1616 2285 1740 2340 notarios
1754 2286 1938 2357 colligeretur,
1954 2296 1981 2343 ct
2001 2291 2061 2347 siue
2076 2292 2229 2358 cautiones,

598 2377 736 2436 Diaconos
746 2381 895 2435 canlinalis
905 2381 959 2436 nisi
974 2396 1073 2446 ιιιιι;
1088 2380 1284 2444 subdiaconus,
1298 2381 1390 2452 aeoiy·
1440 2377 1499 2433 sire
1513 2376 1708 2444 instrumenta,
1732 2389 1780 2434 aut
1797 2377 1960 2437 donationes
1973 2381 2017 2437 rel
2037 2384 2223 2439 commutatio

598 2472 674 2534 thus,
697 2472 846 2538 exorcista,
868 2473 963 2537 lector,
988 2472 1129 2537 ostiarius,
1151 2471 1206 2526 nisi
1224 2488 1249 2527 rr
1273 2474 1389 2529 testibus
1439 2483 1500 2531 nes.
1518 2475 1565 2523 aut
1587 2469 1759 2535 traditiones,
1773 2471 1816 2527 rel
1839 2481 2014 2540 testamenta,
2028 2475 2229 2547 autaliegario·

598 2563 839 2619 condemnabitur.
862 2563 959 2620 Testes
974 2573 1076 2627 autent,
1099 2572 1126 2619 et
1141 2573 1316 2620 accusatores
1330 2565 1391 2621 sine
1440 2578 1500 2626 nes,
1516 2563 1558 2618 vel
1577 2565 1807 2621 matrumissiones
1823 2581 1839 2621 a
1854 2565 1963 2623 clericis
1981 2567 2010 2622 in
2029 2570 2149 2626 eeclesia
2163 2569 2229 2626 cele·

598 2654 689 2724 aliqua
702 2657 757 2710 sint
769 2656 893 2719 inlamia,
906 2672 1007 2711 uxores
1015 2664 1041 2711 et
1057 2656 1128 2712 dlios
1142 2657 1320 2721 babentes,ct
1330 2672 1391 2711 om·
1440 2653 1595 2710 brurentur.
1618 2654 1701 2710 iuxta
1714 2649 1887 2714 duronicum
1899 2655 2062 2731 llieronyuti
2081 2675 2173 2718 annos
2187 2677 2229 2728 ιι,

600 2746 668 2798 nino
691 2737 831 2801 Christum
854 2748 1046 2817 praedicantes.
1073 2746 1273 2804 Testimonium
1295 2748 1389 2804 cler-ici
1440 2760 1550 2802 menses
1574 2761 1602 2802 ιι
1629 2763 1717 2818 usque
1741 2755 1777 2804 ad
1798 2749 1961 2805 uicesimum
1983 2750 2164 2809 Constantini
2181 2770 2229 2810 an·

598 2839 1391 2911 aduersuslaicumncmorecipiendaneclericumquem·
1439 2852 1516 2893 num.
1659 2827 1661 2832 ’

598 2933 665 2988 libet
678 2934 705 2987 in
721 2935 831 3003 publico
845 2935 1003 2989 examinare
1015 2940 1172 3005 praesumat,
1184 2931 1238 2988 nisi
1252 2934 1280 2987 in
1295 2930 1390 2987 Eccle-
1475 2931 1608 2989 llllelll.
1617 2932 1754 3003 Liberius,
1766 2937 1876 2994 natione
1886 2936 2039 3004 Romanus,
2053 2952 2090 2995 ex
2103 2945 2183 3010 patre
2190 2937 2225 2993 li-

597 3022 650 3077 sia.
665 3020 751 3077 llerno
764 3023 847 3078 etiam
862 3024 981 3080 clericus
990 3024 1032 3079 uel
1042 3023 1175 3078 diaconus
1191 3023 1390 3096 arcipresbyter
1440 3030 1531 3095 gusto.
1547 3025 1642 3081 Antros
1652 3044 1691 3092 ιι,
1704 3043 1812 3086 menses
1826 3044 1866 3088 tr.
1879 3027 1909 3085 ln
1921 3029 2060 3086 Chronica
2072 3030 2229 3103 llioronymi

597 3122 709 3186 propter
727 3113 877 3184 quamlibet
893 3129 1005 3170 causam
1026 3115 1108 3170 intret
1127 3113 1242 3177 curiam,
1259 3128 1312 3169 nec
1326 3121 1391 3171 anto
1439 3131 1497 3170 xun
1522 3131 1620 3183 annos,
1637 3135 1725 3191 rusque
1738 3120 1773 3174 ad
1796 3137 1816 3176 ιι
1839 3119 2023 3177 Valentiniani
2048 3137 2165 3178 annuae.
2179 3120 2229 3189 Qui

596 3207 717 3277 judicem
733 3208 853 3261 cinctum
866 3207 1054 3263 causamdare
1070 3205 1389 3279 praecedebantque
1440 3219 1503 3262 eum
1515 3207 1689 3273 Constantio,
1707 3211 1763 3266 lilio
1773 3210 1946 3268 Constantini
1966 3214 2111 3269 consensit
2121 3213 2157 3269 ad
2172 3228 2230 3285 per·

599 3297 716 3352 clericos
738 3312 874 3354 accusans
893 3299 1025 3354 clericum
1039 3299 1145 3353 curiam
1160 3297 1307 3362 introierit,
1322 3313 1390 3354 ana·
1440 3298 1609 3368 sequendum
1624 3300 1806 3358 Christianos.
1827 3301 1954 3358 Liberius
1975 3303 2011 3358 ab
2024 3303 2127 3360 exsilio
2142 3318 2229 3360 rerer·

598 3390 689 3445 thema
706 3391 850 3460 suscipiat.
875 3388 949 3446 luter
962 3399 1061 3446 caetera
1075 3390 1103 3444 in
1119 3390 1258 3462 praedicta,
1273 3392 1390 3448 consilio
1440 3404 1499 3456 sus,
1511 3391 1630 3461 primum
1645 3391 1807 3457 catholicus,
1823 3402 1916 3462 postca
1923 3394 2066 3450 consensit
2080 3396 2109 3449 in
2124 3394 2229 3450 baeaesi.

598 3483 731 3547 omnium,
749 3484 844 3539 statuit
857 3485 973 3556 synodo,
988 3493 1020 3539 ut
1039 3483 1204 3540 sacrificium
1224 3485 1319 3541 altaris
1334 3499 1424 3574 none
1441 3480 1559 3554 Scripsit
1577 3484 1720 3554 epistolam
1738 3486 1874 3542 uniuersis
1891 3485 2041 3558 episcopis,
2056 3487 2088 3542 ia
2100 3501 2157 3559 qua
2171 3486 2229 3542 dili·

598 3573 627 3629 ln
639 3575 727 3629 serico
735 3591 827 3646 panno
838 3587 886 3630 aut
900 3576 1170 3647 intinctoquisquam
1179 3575 1318 3632 celebrare
1325 3591 1391 3647 pre·
1441 3578 1611 3647 pertinsem
1629 3576 1809 3641 commonuit,
1831 3591 1866 3633 ne
1885 3577 1978 3648 plebes
1995 3576 2048 3633 sibi
2069 3577 2229 3633 oommissat

599 3676 730 3730 tumeret,
746 3668 793 3722 sed
808 3668 920 3738 inpuro
935 3669 1016 3730 lineo.
1026 3672 1062 3722 ab
1074 3668 1202 3737 episeopo
1216 3675 1389 3737 consecrato,
1440 3669 1607 3739 relinquant,
1622 3676 1649 3724 et
1663 3684 1697 3725 ne
1709 3676 1822 3739 propter
1837 3669 2014 3739 opprobrium
2032 3670 2173 3725 malorum
2183 3668 2228 3724 lro-

599 3763 709 3813 terreno
717 3774 765 3814 seu
782 3759 838 3815 lino
853 3767 1083 3831 procreatoatque
1095 3767 1234 3823 contexto,
1247 3761 1318 3815 sicut
1328 3774 1390 3815 crrr-
1440 3762 1544 3817 minum
1558 3760 1643 3831 quieti
1661 3774 1690 3814 se
1706 3760 1826 3825 tradunt,
1841 3767 1869 3815 et
1888 3768 1920 3813 ut
1938 3774 1969 3817 se
1982 3759 2161 3817 solumunodo
2178 3761 2229 3818 sal·

599 3867 651 3924 pus
667 3852 773 3909 Domini
784 3857 871 3911 nostri
882 3854 1058 3911 lesquristi
1074 3856 1101 3910 in
1116 3856 1231 3911 sindone
1244 3852 1389 3909 mundali·
1440 3861 1503 3908 vent
1518 3872 1525 3908 :
1543 3852 1831 3923 liliosorpbanosnon
1845 3852 2011 3922 relinquant.
2026 3852 2083 3920 Qui
2094 3857 2179 3910 ctiam
2186 3869 2227 3909 or·

599 3959 652 3999 nea
667 3948 802 4016 sepultum
821 3948 882 4003 tuit.
899 3947 1049 4003 consuunt
1062 3949 1156 4012 attan,
1179 3955 1209 4002 ιιι
1223 3947 1389 4016 baptizatum
1439 3940 1544 3996 dinavit
1558 3940 1714 4011 sepulcrum
1729 3938 1818 3996 &arae
1831 3939 1942 4010 desuetis
1956 3954 2106 3998 mansore.

598 4038 678 4094 liniat
691 4039 842 4111 presbyter.
852 4038 928 4095 Fecit
941 4041 1022 4093 ctiam
1033 4039 1254 4108 ordinationesur
1267 4039 1388 4112 diellid),
1474 4032 1617 4090 lxlviii.
1634 4031 1709 4089 Felix
1725 4031 1759 4095 ll,
1774 4040 1888 4105 martyr,
1903 4035 2013 4089 natione
2026 4031 2184 4102 Romanus,
2197 4053 2227 4094 aa

599 4146 694 4187 mense
710 4131 862 4194 Decembri.
889 4133 1065 4204 presbyteros
1080 4149 1147 4195 xtra,
1165 4133 1295 4188 diaconos
1323 4148 1388 4199 xxv,
1439 4125 1674 4198 patrerlnastasio.
1689 4125 1862 4196 (diilnnum
1875 4141 1896 4189 ι,
1909 4140 2016 4182 menses
2028 4129 2227 4186 attinterexsn·

599 4221 745 4292 episcopos
767 4237 816 4291 per
836 4221 945 4277 diversa
969 4222 1029 4276 loca
1044 4238 1127 4279 cxxx.
1150 4223 1273 4287 Colonia,
1290 4224 1389 4294 quibus
1439 4219 1523 4274 latum
1542 4217 1642 4273 liberii
1664 4231 1738 4272 anno
1760 4233 1796 4271 xx
1809 4217 1993 4272 Constantini.
2010 4219 2065 4285 eri
2080 4221 2227 4277 declararit

601 4311 678 4381 prius
691 4312 807 4381 apostoli
824 4312 982 4375 utebantur,
999 4299 1103 4383 absque
1116 4314 1242 4377 manicis,
1266 4328 1389 4369 commu·
1438 4311 1641 4377 Constantium,
1655 4310 1738 4365 lilium
1759 4310 1934 4367 Constantini
1950 4309 2123 4377 baercticnrn.
2148 4323 2176 4370 et
2187 4329 2226 4370 ac·

601 4404 668 4457 tavit
690 4403 718 4457 io
730 4403 902 4463 dalmaticas.
925 4405 1057 4473 appositis
1074 4405 1200 4461 manicis.
1222 4404 1314 4461 Pridie
1328 4405 1388 4463 ilai.
1439 4403 1530 4460 eundo
1543 4404 1578 4458 ab
1594 4402 1713 4479 Eusebio
1722 4400 1889 4459 Nicomediae
1901 4404 2032 4473 episcopo
2047 4405 2224 4476 baptizatam,

599 4488 661 4549 Jan.
683 4495 762 4555 obiit,
776 4504 803 4548 et
825 4494 950 4562 sepultos
963 4502 1006 4549 est
1020 4496 1047 4549 in
1068 4497 1227 4551 eoenreterio
1245 4495 1388 4563 Priscillae,
1439 4505 1467 4554 ct
1484 4496 1562 4567 justa
1579 4505 1743 4567 praeceptum
1764 4494 1886 4565 ejusdem
1901 4494 2057 4550 Constantii
2072 4501 2167 4568 capite
2183 4499 2225 4560 de·

600 4585 645 4639 ria
661 4583 776 4640 Salaria.
800 4585 879 4640 Dedit
893 4587 976 4641 etiarn
999 4585 1151 4651 decretum,
1167 4590 1325 4655 ostendens,
1341 4592 1388 4662 qrri
1439 4596 1593 4644 truncatur.
1614 4587 1739 4644 biberius
1750 4588 1786 4644 ab
1794 4589 1892 4644 exsilio
1907 4602 2035 4644 reuersus
2043 4591 2224 4646 restituitura

600 4673 713 4728 ordines
736 4674 837 4744 ouibus
855 4675 972 4731 debeant
994 4691 1056 4731 esse
1082 4679 1194 4734 subditi.
1212 4679 1292 4744 Dicit,
1316 4681 1389 4751 quod
1438 4678 1613 4736 Constantio.
1630 4677 1705 4734 Felix
1722 4694 1749 4734 rr
1763 4692 1884 4734 canones
1904 4678 2011 4734 statuit.
2028 4679 2056 4736 l.
2074 4679 2113 4735 De
2136 4689 2224 4750 petra⁸

601 4765 743 4836 presbyter
756 4766 897 4836 episcopo,
913 4768 1046 4822 diaconus
1061 4771 1230 4841 presbytero,
1243 4772 1390 4828 subdiaco·
1438 4774 1482 4829 dis
1491 4771 1620 4836 induciis,
1633 4771 1717 4843 utqui
1728 4771 1824 4827 timent
1838 4770 1940 4832 locum,
1949 4770 2002 4824 sibi
2014 4777 2107 4827 ιιιιιιιιι
2117 4771 2222 4844 eligant

602 4873 655 4913 trus
666 4859 793 4922 diacono,
809 4860 952 4931 acolytnus
963 4860 1141 4923 subdiacono,
1154 4861 1240 4917 lector
1249 4865 1386 4935 aeolytbe,
1403 4863 1466 4928 [ιι.
1482 4863 1520 4919 De
1533 4863 1687 4918 dibereutia
1710 4863 1905 4918 ecclesiasticae
1917 4870 1945 4916 ct
1961 4860 2106 4919 mutans
2129 4877 2223 4921 caan.

601 4951 737 5005 exorcista
761 4951 868 5014 lectori,
890 4953 1035 5007 exorcistae
1052 4953 1193 5017 ostiarius,
1216 4954 1301 5012 abbas
1320 4956 1387 5012 obe·
1440 4958 1467 5013 3.
1488 4957 1642 5012 Accusatus
1663 4957 1783 5028 legitimo
1796 4954 1830 5010 ad
1845 4956 1992 5011 concilium
2013 4956 2056 5012 ire
2069 4955 2182 5014 debere.
2195 4957 2220 5012 l.

600 5039 661 5096 dire
675 5041 754 5095 debet
770 5042 894 5107 ostiario,
911 5045 1062 5098 monaelms
1076 5047 1178 5102 abbati.
1439 5049 1495 5120 (58)
1509 5049 1562 5116 Qut
1572 5066 1625 5103 non
1635 5048 1745 5104 bucam
1760 5047 1866 5102 admitti
1874 5046 1908 5101 ad
1917 5048 2117 5102 aceurmiorrttrt
2130 5051 2223 5120 episco-

637 5132 746 5190 xxxi.
761 5134 880 5197 llarcus,
897 5139 1010 5191 natione
1024 5136 1173 5201 Romanus,
1185 5155 1219 5194 ex
1235 5149 1311 5209 patre
1329 5137 1382 5192 Pri·
1437 5157 1541 5212 porum.

601 5241 659 5282 sco.
676 5229 769 5280 Annos
788 5241 819 5288 ιι,
842 5243 950 5284 menses
971 5243 998 5283 ιι
1013 5246 1100 5299 usque
1115 5235 1149 5285 ad
1165 5248 1200 5285 xx
1214 5231 1388 5286 Constantini
1474 5232 1608 5288 Damasus
1621 5243 1684 5302 post
1696 5232 1834 5287 Liberium
1850 5246 1899 5302 per
1914 5232 2124 5288 successionem
2139 5249 2223 5290 saorr-

602 5335 714 5376 annum.
729 5321 904 5377 lanronica
920 5320 1077 5394 llierouymi
1092 5340 1200 5380 meuses
1215 5341 1241 5378 ιιι
1258 5326 1388 5381 uicesimo
1437 5324 1541 5379 dotium
1557 5324 1585 5378 in
1610 5325 1678 5379 urbe
1693 5323 1779 5378 llorna
1796 5330 1962 5392 susceperat,
1984 5338 2067 5392 quem
2085 5327 2222 5394 praelatum

600 5411 697 5483 quinto
716 5410 889 5466 Constantini
904 5426 985 5468 anno.
1004 5413 1141 5469 Cononem
1158 5416 1270 5479 statuit,
1290 5424 1319 5469 ut
1330 5417 1388 5485 epi·
1438 5416 1491 5470 sibi
1507 5431 1562 5470 non
1585 5414 1677 5470 lercns
1693 5413 1810 5470 Ursinus
1824 5413 1935 5483 quidam
1958 5412 2082 5482 ejusdcm
2099 5414 2223 5472 Ecclesia

601 5519 703 5574 scopus
725 5504 854 5569 ciuitatis,
881 5506 991 5576 ornando
1007 5507 1111 5561 bestias
1133 5519 1286 5572 consecrat,
1306 5510 1388 5577 pallio
1437 5510 1571 5564 diaconus
1585 5509 1613 5563 in
1629 5516 1735 5562 tantum
1751 5505 1852 5559 luroris
1861 5505 1961 5574 erupit,
1976 5512 2005 5558 ιιι
2021 5521 2222 5578 persuasoqno

601 5605 732 5652 atteretur.
748 5596 821 5652 Obiit
840 5596 925 5653 lionis
941 5597 1038 5653 Octob.
1055 5607 1082 5654 et
1097 5602 1219 5671 sepultus
1232 5610 1275 5657 est
1288 5603 1316 5657 in
1331 5618 1388 5658 ιω·
1438 5599 1500 5654 dam
1513 5600 1581 5654 satis
1597 5599 1724 5669 imperito
1742 5605 1769 5652 et
1784 5597 1885 5666 agresti
1897 5597 2027 5666 episcopo
2042 5598 2161 5653 collecta
2172 5610 2218 5652 tur·

602 5687 715 5742 uncterio
730 5687 850 5743 balbinae
864 5690 906 5744 ria
921 5690 1080 5772 Ardeatino.
1438 5694 1611 5749 buleutarum
1627 5701 1654 5746 et
1669 5691 1862 5747 seditiosorum
1878 5705 1958 5743 mauu
1975 5688 2003 5742 in
2025 5688 2155 5750 basilica,
2170 5704 2222 5760 qua

638 5777 755 5834 xxxvl.
772 5777 871 5846 Julius,
887 5783 997 5836 natione
1011 5781 1163 5846 llorrranus,
1184 5798 1217 5837 ex
1239 5792 1316 5854 patre
1331 5783 1388 5839 liu·
1439 5782 1562 5839 sicinina
1576 5785 1738 5854 appellatur.
1751 5785 1909 5854 episcopum
1925 5779 2024 5836 seueri
2040 5791 2220 5854 extorquent.

601 5871 682 5927 atico.
698 5872 792 5930 bonos
806 5889 852 5939 xv,
868 5890 977 5930 menses
990 5890 1021 5930 ιι.
1043 5873 1095 5941 Qui
1109 5877 1137 5930 in
1151 5875 1259 5932 Nicaena
1282 5879 1387 5949 synodo
1439 5878 1553 5949 legibus,
1564 5885 1591 5932 et
1601 5877 1745 5942 ordinem
1756 5877 1903 5932 traditione
1915 5876 2063 5946 peruersis.
2074 5875 2211 5945 Quocala

638 6010 693 6080 (aar
711 6009 756 6065 Sic
769 6012 830 6068 cod.
1437 6015 1551 6072 ecclesia
1567 6013 1709 6070 ordinatus
1723 6024 1775 6070 cst.

639 6082 694 6150 tbi)
711 6082 772 6135 allio
792 6100 896 6149 orantur,
916 6086 1051 6139 sareanen
1065 6084 1162 6138 seculo
1173 6101 1222 6140 ιιιι
1239 6089 1387 6140 recentior:
1475 6087 1529 6158 lb'b')
1545 6087 1643 6142 abddita
1659 6104 1673 6140 a
1688 6087 1761 6142 dictu
1778 6099 1870 6141 rtranu.

603 6152 654 6207 iste
667 6154 767 6208 dicitur·
779 6170 840 6213 esse
856 6156 982 6230 lusibus,
1003 6158 1048 6227 qui
1067 6158 1182 6211 latcrrtct·
1195 6159 1223 6211 in
1239 6157 1386 6213 Sicinicusi
