5125 7059
968 727 1132 785 ttttttttss.
1151 757 1186 768 —
1206 722 1271 777 Llll.
1289 719 1334 778 li'.
1912 722 1964 780 thu

445 861 523 905 arans
543 861 605 902 eum
625 847 726 914 gloria,
746 845 874 919 irymuns,
896 846 1069 916 psalmus,et
1086 847 1126 901 le·
1141 849 1164 903 ,ι
1177 841 1295 899 cessabit
1315 841 1390 896 lncta
1414 848 1441 896 ει
1453 853 1504 908 pan
1529 836 1655 894 cumeum
1670 847 1790 893 aetcrna:
1813 839 1841 893 in
1855 858 1907 910 qnia
1921 843 1966 899 det

444 947 534 1005 antus,
548 954 642 1008 preces
661 948 689 994 et
702 939 803 1005 oratio;
817 939 843 994 in
858 941 944 996 tribus
957 942 1060 998 seilicet
1073 957 1131 996 ma·
1183 951 1302 1009 sponsus
1321 948 1430 1008 sponsae
1454 932 1573 989 dormire
1598 941 1625 988 et
1639 931 1844 990 immutabiliter
1859 937 1965 1005 reqnie·

445 1068 448 1080 -
471 1033 607 1099 laudibus,
630 1031 750 1102 vesperis
768 1042 795 1086 et
819 1033 995 1103 completorio
1024 1034 1130 1088 additur
1182 1027 1303 1085 soere“·.

445 1137 504 1190 tra,
518 1124 655 1179 canticum
687 1122 809 1178 uicielieet
834 1126 1034 1195 euangelicum,
1062 1139 1130 1194 ouo
1502 1115 1617 1172 caput
1633 1115 1668 1171 ll.

446 1228 481 1269 ιε
494 1223 550 1268 tres
566 1211 639 1268 lrorae
654 1215 789 1282 pertinent
812 1214 845 1269 ad
873 1225 1009 1282 octauum,
1028 1216 1131 1271 scilicet
1393 1225 1426 1264 oe
1440 1224 1546 1263 orrrcro
1560 1223 1720 1264 unntsrrco.

446 1304 459 1359 i
473 1304 712 1369 resurrectionem,
734 1304 781 1373 qui
797 1321 876 1359 mane
900 1309 1027 1374 surrexit,
1042 1307 1069 1361 in
1084 1323 1129 1362 rc·
1218 1322 1227 1353 r
1244 1301 1367 1367 celebra,
1379 1299 1461 1367 luda,
1476 1299 1636 1357 festivitates
1653 1311 1725 1364 tuas,
1742 1310 1770 1357 et
1796 1302 1879 1358 redde
1901 1313 1966 1358 nota

452 1410 485 1452 se
514 1397 655 1466 discipulis
681 1395 874 1464 manile-staria,
897 1399 924 1454 in
953 1400 1129 1470 completorio
1180 1403 1225 1449 tna
1240 1394 1299 1450 ⁸¹.»
1323 1391 1600 1449 Natrumconhranres
1627 1393 1784 1462 alloquitur,
1807 1395 1965 1465 praecipiens

445 1486 493 1545 tlia
514 1487 572 1543 ait:
591 1506 601 1539 t
616 1486 670 1543 Pax
699 1489 775 1546 robis
791 1489 825 1545 ⁸⁰.
845 1489 1016 1562 sEapropter
1034 1493 1060 1548 in
1086 1492 1128 1550 his
1179 1495 1241 1541 uota
1252 1484 1373 1552 reddere,
1390 1500 1452 1555 quae
1464 1487 1572 1556 propria
1585 1485 1723 1540 uoluntate
1736 1501 1842 1542 uouere.
1860 1484 1968 1543 Vonone

455 1577 532 1653 boris
560 1576 687 1648 hymnus,
712 1579 759 1648 qui
778 1587 820 1634 est
840 1582 992 1651 exemplum
1018 1583 1126 1648 taettrie,
1178 1577 1279 1647 quippe
1290 1576 1437 1633 uoluntatis
1450 1577 1557 1642 est,sed
1573 1586 1635 1632 uota
1646 1577 1757 1633 renidere
1770 1580 1942 1634 necessitatis
1956 1594 1965 1645 ς

446 1680 470 1722 ιι
483 1666 615 1737 seqnitur,
631 1678 659 1721 ut
675 1669 848 1723 continuetur
862 1667 1009 1739 Evangelio
1023 1674 1126 1740 gratim.
1179 1678 1271 1723 votum
1286 1678 1329 1724 est
1339 1671 1480 1740 conceptio
1504 1665 1601 1724 mentis
1614 1670 1698 1724 animi
1712 1669 1905 1725 deliberatione
1920 1672 1966 1726 tir·

446 1753 524 1808 elium
548 1754 630 1825 hujus
655 1755 735 1811 officii
760 1767 802 1813 est
824 1760 959 1814 canticum
976 1760 1127 1827 Simeonis,
1178 1768 1259 1814 runata.
1282 1757 1348 1815 Vota
1376 1760 1503 1815 monachi
1515 1759 1644 1814 continua
1657 1770 1731 1825 snrrt,
1743 1759 1966 1826 obedientia,ha·

446 1853 473 1902 t:
490 1844 568 1901 liene
583 1847 695 1901 dimittis
715 1848 747 1912 ⁸⁴,
770 1850 797 1905 in
811 1866 867 1921 quo
881 1866 973 1920 pacem
999 1869 1128 1926 rogamus
1179 1850 1251 1906 bitus
1263 1851 1391 1918 restim,
1408 1850 1611 1906 abrenuntiatio
1629 1851 1964 1922 propriorum,1ejnninm,

446 1945 533 2001 m,ut
549 1937 620 1992 sicut
635 1937 744 1994 Simeon
759 1942 877 1997 transire
899 1945 1023 2014 cupiens,
1053 1956 1128 2016 post·
1178 1942 1315 1997 silentium
1336 1951 1363 1997 et
1389 1942 1513 2012 regulare
1539 1939 1669 2005 officiunt,
1689 1940 1722 1994 de
1746 1956 1801 2011 qno
1825 1949 1964 2008 tractare,

449 2025 517 2081 vidit
533 2027 680 2096 Christum,
700 2029 800 2086 dimitti
817 2035 930 2104 rogarit,
953 2035 994 2091 sic
1006 2052 1057 2093 nos
1068 2047 1128 2108 post
1177 2034 1285 2089 catenis
1298 2033 1419 2098 omissis,
1442 2032 1618 2088 intendimus.
1633 2029 1733 2086 Beatm
1747 2033 1837 2101 itaque
1853 2031 1966 2087 benedt-

453 2116 516 2173 ddei
527 2120 717 2188 perveniamus
731 2122 764 2176 ad
778 2123 948 2193 splendorem
962 2128 1126 2199 speeiei‚ubi
1178 2136 1239 2183 ctus
1251 2127 1330 2182 aliter
1348 2142 1365 2180 a
1385 2125 1525 2180 canonicis
1547 2125 1684 2178 ordinavit
1706 2123 1835 2188 officinm,
1861 2139 1910 2178 nec
1923 2132 1965 2180 εει

446 2223 464 2264 x
489 2220 599 2267 aeterna.
621 2210 718 2269 Preces
735 2214 815 2270 etiarn
830 2226 858 2270 et
871 2214 1041 2275 homicidam
1061 2236 1125 2276 ora·
1143 2184 1212 2276 Bab
1226 2218 1349 2275 Ecclesia
1372 2216 1556 2287 reprobatum,
1572 2217 1650 2272 seda
1677 2217 1758 2271 beato
1773 2215 1904 2286 Gregorio
1921 2233 1965 2271 ro·

466 2301 652 2374 adjungimus,
676 2315 707 2361 ut
720 2321 772 2363 nos
788 2308 823 2363 ab
836 2309 971 2379 hostibus,
989 2313 1036 2383 qui
1058 2313 1125 2370 insi·
1175 2314 1314 2377 boratum,
1326 2311 1374 2381 qui
1393 2311 1448 2366 nit:
1467 2329 1476 2362 s
1499 2309 1616 2365 Sanctus
1639 2311 1682 2363 nir
1705 2324 1760 2364 non
1785 2311 1872 2378 potuit
1887 2310 1965 2364 aliter

446 2409 455 2449 r
468 2393 497 2449 in
511 2397 639 2464 tenebris,
651 2410 678 2453 et
692 2399 754 2455 uitae
767 2401 907 2471 calcaneo,
923 2404 1079 2462 muniamur
1091 2408 1123 2463 ⁸¹.
1174 2405 1240 2460 dare
1254 2418 1337 2473 quam
1357 2401 1434 2455 citit.
1453 2420 1462 2452 ι
1482 2399 1551 2455 llicit
1569 2414 1633 2470 ergo
1655 2401 1738 2454 semel
1759 2417 1766 2453 ε
1787 2398 1867 2464 heus,
1879 2400 1905 2451 in
1917 2398 1965 2453 ecl-1

446 2499 456 2541 e
474 2488 604 2558 quoniam
616 2490 648 2544 ad
664 2491 779 2561 primam
794 2503 822 2547 et
835 2496 1044 2565 completorium
1056 2514 1123 2570 apo-
1170 2496 1302 2565 interium
1316 2510 1401 2547 menna
1415 2492 1518 2547 intende
1529 2492 1561 2558 ⁸¹,
1572 2501 1669 2560 etpost
1685 2501 1742 2545 ter:
1761 2489 1881 2554 Dorrrine,
1892 2489 1965 2544 lubin

446 2590 478 2631 ¹¹⁰
498 2575 656 2648 Symb0.,1m
678 2596 731 2636 non
755 2583 920 2653 omittimus;
937 2589 1001 2658 quia
1025 2599 1122 2645 cuncta
1175 2601 1232 2640 ntea
1252 2584 1352 2654 operies
1374 2583 1406 2637 ⁸⁸.
1423 2590 1533 2654 propter
1547 2585 1724 2637 reuerentiam
1737 2581 1849 2635 unitatis
1859 2590 1887 2634 et
1900 2578 1962 2635 Tri·

459 2681 541 2739 opera
554 2670 582 2724 in
600 2671 659 2741 ejus
676 2673 786 2730 nomine
800 2674 947 2746 incipimus
967 2689 994 2735 et
1009 2680 1124 2736 conclu·
1177 2677 1280 2733 nitatis.
1297 2674 1402 2731 Exinde
1429 2673 1564 2745 psalmum
1580 2691 1588 2728 :
1613 2671 1736 2740 llonrine,
1755 2674 1818 2745 quiri
1836 2673 1965 2742 multipli-

454 2759 483 2815 in
510 2776 589 2832 quem
617 2765 763 2821 credimus.
806 2765 937 2824 Similiter
957 2772 990 2825 ad
1017 2781 1125 2826 utrum·
1175 2769 1229 2822 cati
1242 2776 1315 2835 sent,
1331 2782 1365 2822 eo
1378 2764 1483 2837 quoda
1508 2779 1616 2831 sumno,
1641 2764 1790 2820 secunlum
1817 2764 1962 2835 quosdam,

447 2847 530 2907 icium
552 2852 761 2924 consessionem,
785 2867 812 2914 et
833 2859 956 2916 Miserere
971 2862 1031 2929 nrei,
1055 2861 1125 2918 liena
1175 2860 1243 2916 dicit
1254 2861 1281 2915 itr
1297 2875 1353 2915 eo:
1382 2858 1439 2931 Epo
1456 2858 1568 2913 dormivi
1581 2868 1605 2913 et
1625 2869 1764 2928 soporatus
1781 2874 1838 2913 sunt
1856 2859 1888 2913 ⁸⁸.
1901 2858 1964 2914 inde

447 2940 551 3011 cimus,
580 2955 609 2999 nt
632 2946 762 3017 quidquid
791 2948 819 3004 in
849 2960 928 3007 noete
953 2953 1125 3021 peccavimus
1175 2967 1222 3021 per
1244 2951 1442 3017 invitatorium,
1466 2958 1494 3005 et
1514 2948 1615 3016 Venite,
1633 2950 1668 3003 ad
1695 2948 1844 3004 Ecclesiam
1871 2951 1963 3005 venire

447 3033 483 3091 lie
493 3036 667 3107 deliquimus,
682 3039 936 3110 poreonlessionem
951 3052 978 3099 et
991 3045 1124 3115 poeniten·
1174 3043 1281 3100 inritat.
1297 3041 1415 3099 Proinde
1426 3041 1626 3097 Ambrosianus
1641 3041 1766 3111 sequitur
1777 3041 1906 3113 hymnus.
1922 3041 1961 3098 be

449 3125 578 3193 lluarnus,
591 3129 768 3200 adimplentes
797 3131 863 3186 illud
891 3151 898 3187 :
927 3133 1124 3192 ‹Cenltemini
1175 3132 1631 3209 lrymnissttperiusdiximus.Sed
1652 3134 1696 3188 hic
1719 3133 1963 3203 adjiciemlnmpn·

447 3235 506 3274 rum
523 3232 633 3290 peccata
654 3231 754 3289 restra,
780 3232 807 3278 et
820 3234 895 3279 orate
921 3241 971 3295 pro
998 3228 1124 3294 inuicem,
1175 3239 1265 3285 tamus
1277 3229 1395 3301 hymnos
1416 3225 1499 3281 etiam
1514 3231 1606 3293 patres
1620 3232 1725 3277 ueteres
1736 3221 1870 3277 cecinisse
1887 3221 1921 3287 ⁸⁸,
1934 3233 1963 3278 ut

447 3311 539 3368 rentnt
558 3313 591 3366 ¹⁸.
618 3330 628 3365 r
651 3312 834 3384 Respicientes
857 3317 938 3372 etiam
963 3317 1030 3374 illuri
1053 3321 1125 3390 quenl
1176 3322 1313 3387 hauid‚et
1325 3328 1381 3374 tres
1396 3331 1495 3388 pucros
1509 3317 1535 3369 in
1551 3313 1661 3370 lornaee
1673 3314 1705 3368 ⁸⁴.
1719 3313 1770 3369 Sed
1780 3317 1861 3369 etiarn
1878 3316 1963 3385 ipsius

447 3403 567 3461 taeerdns
593 3404 687 3460 lamnae
711 3407 847 3461 assarium
874 3408 1004 3464 oderehat
1030 3411 1058 3465 in
1081 3411 1126 3465 dle
1176 3410 1285 3467 bortrini
1312 3417 1339 3464 et
1367 3407 1551 3478 apostolorum
1568 3404 1700 3459 habemus
1716 3405 1870 3474 exemplum
1886 3406 1918 3459 ⁸¹.
1933 3404 1963 3461 ln

447 3512 494 3566 nte,
512 3497 682 3554 medietatem
697 3513 787 3564 mane,
803 3499 973 3556 medietatem
992 3510 1055 3572 pust
1068 3515 1158 3573 mec
1176 3504 1219 3560 his
1236 3502 1347 3557 demum
1369 3498 1433 3571 quia
1453 3497 1549 3553 beatus
1578 3496 1741 3552 Ambrosius
1765 3496 1892 3552 tloruissc
1916 3512 1962 3552 eo-

457 3589 492 3645 ⁸⁸·
1175 3594 1325 3665 gnoscitur,
1349 3606 1383 3647 ex
1406 3591 1466 3659 eius
1491 3589 1601 3644 nomine
1624 3586 1797 3642 Anrbrnsiani
1819 3599 1961 3644 notantur.

448 3680 551 3737 ihcinm
564 3691 654 3738 annm
669 3691 792 3738 nostrum
804 3691 846 3738 est
861 3682 974 3753 spiritns
997 3683 1126 3740 ltnnnilia·
1176 3683 1223 3739 Vel
1237 3681 1309 3754 quod
1322 3681 1357 3736 ab
1372 3681 1431 3750 ipso
1442 3678 1498 3734 sint
1510 3679 1624 3745 conditi,
1636 3678 1678 3734 uel
1690 3678 1754 3748 qnia
1767 3678 1827 3748 ejus
1839 3686 1962 3748 ternpore

462 3770 588 3825 similiter
617 3780 802 3841 etutrumque
825 3773 875 3827 soli
905 3772 959 3828 beo
981 3772 1126 3830 refer-imus
1177 3783 1320 3846 coeperunt
1330 3773 1504 3830 celeberrime
1514 3772 1542 3827 ln
1555 3769 1675 3826 Ecclesia
1694 3769 1836 3825 celebrari.
1851 3770 1890 3823 td
1908 3769 1960 3824 hoc

448 3875 475 3917 tt·
487 3861 672 3931 primitiarum
696 3871 724 3919 et
742 3863 911 3920 decimarum
928 3864 961 3920 “.
981 3865 1058 3921 Unde
1076 3882 1126 3937 pro
1175 3877 1276 3939 septem
1291 3866 1410 3936 maturos
1421 3878 1483 3919 cum
1496 3861 1652 3933 antiphonis
1662 3861 1720 3916 suis
1739 3870 1765 3915 et
1776 3869 1893 3930 quatuor
1908 3860 1961 3913 lte·

448 3955 546 4010 talenti
559 3954 630 4011 lesto
641 3970 696 4010 non
715 3963 865 4022 mumntnr,
886 3956 939 4013 nisi
950 3957 1063 4024 Christi,
1078 3959 1124 4030 qui
1175 3960 1273 4024 tiones,
1286 3970 1349 4013 cum
1363 3956 1474 4009 totidem
1486 3951 1668 4022 responsoriis
1685 3951 1711 4004 in
1726 3950 1815 4019 primo
1827 3959 1961 4003 nocturno

448 4046 504 4103 st⁸¹
520 4050 561 4116 (ut
575 4048 602 4102 in
623 4047 748 4102 Paschali
774 4057 894 4118 ternpore
907 4049 986 4107 aiunt
1004 4053 1125 4124 quidam)
1175 4048 1285 4120 adjecit,
1301 4055 1329 4103 et
1349 4045 1463 4100 totidem
1478 4046 1505 4098 in
1520 4042 1649 4099 secundo.
1667 4039 1797 4096 serrarius
1812 4044 1892 4095 uitam
1913 4045 1961 4093 cte-

448 4134 599 4208 e'lirgims
611 4137 644 4192 nt
666 4137 893 4208 enrrhrmandum,
908 4141 980 4213 quod
1001 4143 1071 4197 idem
1084 4151 1127 4198 est
1176 4142 1264 4212 signat
1276 4139 1404 4204 activam,
1424 4137 1451 4192 in
1472 4152 1526 4207 qua
1539 4150 1586 4191 sex
1601 4150 1684 4205 opera
1699 4133 1960 4188 misericordiarum

453 4225 502 4282 liei
524 4235 552 4283 et
566 4226 652 4282 Filius
676 4227 804 4296 hominiis,
822 4239 849 4285 et
858 4231 1012 4302 significant
1032 4247 1128 4303 preces
1175 4227 1491 4294 consenescentem
1519 4227 1552 4281 ad
1568 4237 1628 4281 ntae
1646 4224 1861 4292 contemplativae
1874 4220 1961 4293 perle-

448 4328 536 4379 atem,
551 4333 612 4389 quae
626 4333 732 4388 semper
744 4328 786 4374 est
799 4323 964 4389 necessaria,
985 4323 1012 4377 in
1024 4324 1127 4393 princi·
1176 4324 1291 4378 ctionem
1316 4322 1443 4377 uolumus
1472 4318 1613 4388 peruenire
1632 4316 1666 4382 ⁸⁸,
1691 4331 1752 4385 que
1775 4331 1823 4386 per
1851 4324 1961 4385 quater-

459 4409 532 4482 qnod
551 4410 760 4480 significandum
787 4411 882 4466 humili
896 4429 961 4470 noce
984 4416 1125 4471 seruitium
1176 4415 1284 4469 nariam
1308 4411 1453 4468 lectionum
1481 4408 1685 4480 responsorium
1713 4418 1823 4478 propter
1842 4416 1961 4478 quatuor

448 4516 504 4572 tue,
517 4517 544 4563 et
558 4509 585 4564 in
599 4509 661 4568 tine.
675 4509 789 4583 ideoque
805 4529 899 4584 preces
912 4514 938 4570 i„
953 4514 1006 4570 nne
1021 4531 1127 4586 ponpa.
1177 4505 1322 4577 Euangelia
1345 4503 1502 4575 designatur
1516 4519 1523 4568 ;
1547 4501 1588 4556 uel
1613 4516 1662 4570 per
1687 4501 1858 4555 octonarium
1881 4509 1960 4553 utru-

448 4597 511 4653 tinra
524 4602 612 4655 oratio
631 4611 673 4658 est
686 4603 780 4658 ultima
800 4604 961 4660 benedictio.
983 4606 1127 4662 Benedico·
1177 4610 1294 4668 rumim
1318 4606 1427 4667 limine?
1454 4602 1516 4649 ⁰⁰²⁰
1538 4589 1720 4647 Wllfflllilwb'
1735 4590 1867 4659 'illusisti'r
1882 4589 1914 4646 ⁸'·
1932 4588 1960 4642 '¹¹

448 4689 542 4757 mino,
555 4689 608 4745 lieo
619 4693 733 4762 pretias,
748 4694 808 4750 lans
834 4705 876 4750 est
898 4695 997 4763 hitalis,
1017 4706 1045 4753 et
1058 4697 1128 4753 inies.
1178 4689 1258 4744 tertio
1272 4695 1406 4745 nocturno
1417 4686 1488 4741 idem
1503 4684 1545 4738 uir
1557 4685 1619 4737 uite
1643 4682 1806 4736 uenerabilis
1831 4681 1881 4735 tria
1895 4695 1961 4734 can·

462 4788 491 4838 α
513 4782 547 4838 de
563 4795 753 4841 consummato
773 4802 854 4842 eursu
876 4789 1023 4858 gratiarnm
1043 4791 1125 4846 aenio,
1178 4783 1230 4837 tica
1243 4780 1350 4836 censuit
1362 4793 1422 4835 esse
1444 4777 1578 4832 cantanda
1592 4777 1619 4830 in
1645 4775 1752 4829 laudem
1773 4771 1959 4838 Trirritatis,a

449 4870 539 4926 rillud
548 4888 601 4927 non
611 4882 654 4929 est
665 4877 698 4929 de
712 4874 800 4931 ollleio
820 4878 1019 4949 negligendum,
1040 4881 1123 4951 qnod,
1141 4844 1163 4900 υ
1177 4888 1230 4945 qna
1238 4873 1380 4942 utriusque
1395 4869 1455 4923 uitae
1463 4865 1654 4939 perlectionem
1664 4863 1724 4919 dari
1737 4862 1814 4917 nobis
1825 4863 1960 4918 credimus

449 4961 504 5019 lam
527 4964 614 5032 aiunt,
628 4968 788 5022 nocturnale
801 4967 917 5024 officinm
936 4971 1030 5027 recolit
1055 4983 1124 5029 mm·
1173 4975 1202 5022 et
1218 4977 1371 5035 speramus·

455 5055 542 5111 Edam
566 5059 599 5113 ad
619 5056 686 5126 Noe,
701 5062 886 5117 matutinales
907 5060 964 5119 Noe
986 5066 1019 5121 acl
1034 5065 1123 5122 libra·
1208 5054 1286 5125 Quod
1305 5068 1368 5109 cum
1382 5050 1509 5116 Alleluia,
1524 5049 1597 5120 quod
1621 5057 1664 5104 est
1679 5047 1815 5102 canticum
1838 5045 1959 5108 coeleste,

449 5146 524 5203 nima
538 5149 573 5204 ab
585 5148 721 5207 Abrabam
736 5153 769 5208 acl
781 5152 902 5225 ilupsen,
914 5156 992 5210 tertia
1006 5155 1123 5228 alloyse
1173 5157 1309 5212 cantatur,
1325 5145 1415 5200 innuit
1424 5143 1496 5214 quod
1508 5141 1543 5196 ad
1557 5139 1664 5196 laudern
1678 5135 1820 5192 Trinitatis
1832 5149 1887 5189 non
1903 5134 1961 5188 sol·

449 5240 486 5308 ld,
501 5250 602 5298 sentaa
617 5241 700 5299 llarid
728 5245 860 5316 usquead
874 5247 1019 5302 aduentum
1043 5249 1123 5304 chri.
1175 5243 1247 5296 lleiat
1257 5240 1318 5295 laus
1329 5238 1403 5293 nocis
1420 5237 1546 5290 humane
1560 5232 1602 5289 uel
1615 5233 1678 5303 quia
1694 5245 1745 5301 pro
1759 5229 1884 5283 laudibus
1899 5225 1962 5281 'lui-

449 5347 478 5388 ra
504 5333 539 5388 ab
555 5332 670 5389 adrentu
685 5337 772 5405 primo
794 5353 879 5408 nsque
904 5339 937 5393 ad
962 5341 1122 5408 secundum,
1175 5331 1268 5388 nitatis
1292 5328 1482 5402 perveniemus
1495 5325 1528 5380 ad
1554 5326 1692 5380 caminum
1707 5321 1826 5376 scelestis
1845 5319 1956 5374 laetitiae.

449 5423 557 5480 ominus
572 5425 675 5480 uerterit
686 5425 917 5496 adjudicandum.
933 5427 984 5483 Per
995 5444 1123 5498 resperas
1175 5425 1276 5481 Deinde
1302 5433 1421 5495 quatuor
1445 5420 1576 5474 lectiones
1600 5415 1634 5470 de
1653 5413 1810 5484 Evangelio,
1837 5426 1898 5481 que
1917 5424 1962 5467 se·

449 5525 499 5570 unt
513 5513 659 5571 Sabbatum
674 5517 839 5584 animarum,
856 5533 911 5588 quo
925 5520 1123 5588 requiescente
1176 5528 1308 5590 quuntur,
1321 5517 1461 5572 insinuant
1476 5510 1548 5582 quod
1565 5508 1719 5564 laudatores
1746 5504 1889 5560 Trinitatis
1912 5518 1960 5572 per

450 5621 485 5664 as
499 5607 557 5663 suis
571 5607 611 5674 ⁸·;
623 5622 671 5678 per
687 5609 904 5680 completorium,
933 5610 999 5666 illud
1020 5623 1125 5683 tempus
1174 5610 1328 5667 doctrinan
1341 5615 1460 5680 quatuor·
1474 5600 1693 5672 Euangeliornm,
1709 5608 1826 5669 quatuor
1851 5595 1960 5650 uirtuti-

460 5699 653 5767 solennitatis,
666 5700 694 5756 in
706 5716 761 5772 quo
775 5702 883 5758 uenient
895 5703 971 5758 electi
987 5704 1126 5774 percipere
1175 5702 1226 5757 bus
1242 5699 1376 5773 insigniti,
1397 5695 1495 5753 muniti
1523 5704 1551 5751 et
1563 5693 1662 5750 eruditi
1688 5700 1767 5756 sunt;
1783 5704 1829 5759 per
1841 5696 1961 5759 qutatuor

449 5789 508 5858 t”,
521 5799 549 5845 et
561 5791 795 5847 consummabitur
805 5793 933 5863 gaudium
954 5803 1123 5859 sanctorum,
1175 5791 1361 5863 responsoria,
1376 5804 1436 5861 quse
1464 5796 1627 5858 sequuntur,
1654 5783 1822 5839 laudantium
1837 5780 1961 5837 hilaritas

450 6025 490 6067 te.
511 6011 557 6066 at.
609 6010 710 6066 ”Luc
730 6012 757 6066 2.
791 6012 814 6043 ⁸¹
834 6011 933 6069 Genti.
976 6010 1144 6066 ⁸¹t³sat5h
1181 6011 1205 6043 ⁸¹
1225 6009 1322 6066 laeli
1356 6006 1477 6062 '‘Leuit.
1492 6007 1518 6061 6.
1567 6003 1674 6059 ”l‘snl
1699 6005 1741 6059 50.
1786 5997 1959 6053 “bentii

451 6081 504 6138 ,9.
540 6082 658 6153 ”Apum
684 6083 726 6137 tt.
765 6083 961 6140 '’hartinib'.
999 6082 1159 6137 “Carth-'n
1197 6077 1550 6146 ⁸·hatrnrn.t;t>sat.75.
1585 6075 1755 6132 ‘'teatuu.
1792 6067 1960 6127 “t’sats‘t

481 6153 508 6208 ὅ.
544 6152 653 6209 ‘'l‘sal.
673 6153 716 6208 bl.
752 6154 774 6185 ⁸⁵
795 6152 862 6208 hart.
887 6154 913 6208 5.
951 6156 971 6186 ⁶³
995 6152 1089 6208 ttanh.
1109 6154 1154 6209 ⁹26.
1189 6149 1378 6209 “hartleih
1416 6148 1543 6204 ‘’ilatth.
1569 6148 1594 6202 ὃ.
