5125 7059
465 688 519 743 tos
1085 677 1242 740 substiti
1259 680 1395 738 sAEcthl
1413 680 1470 739 xll.
2035 687 2085 744 m

465 813 547 865 aelirum
563 785 688 862 incitavit
703 802 739 859 ad
762 802 937 861 scribendum
958 802 1171 859 eonsuetudines
1190 817 1250 858 mo·
1263 805 1288 864 Α
1303 800 1444 872 Baptistae,
1471 800 1607 858 secundm
1631 800 1666 859 de
1690 811 1786 860 sancta
1806 801 1908 868 llarla,
1931 803 2035 860 tertius
2054 808 2086 862 do

465 903 626 957 rracborum.
1301 894 1472 963 dispersione
1486 895 1687 966 apostolomm,
1708 904 1823 969 quartus
1843 895 1878 952 de
1895 896 1977 953 initio
1998 896 2086 952 Erari-

500 992 566 1047 Crr.
585 986 654 1044 clx.
674 986 817 1057 bietgerus
830 985 853 1020 ⁸⁸
867 985 953 1043 abbas
975 1000 990 1040 a
1007 986 1112 1043 Latinis
1127 985 1252 1057 Tlreogo·
1301 987 1365 1058 gelli
1379 982 1531 1043 secundum
1547 985 1713 1043 baltheum.

465 1099 530 1146 rus,
558 1077 776 1134 aTlrcutonicis
790 1078 814 1110 ⁸⁸
827 1077 992 1150 quibusdam
1016 1076 1187 1133 Theoiarius
1208 1076 1252 1132 di·
1337 1078 1401 1135 Cre.
1430 1077 1510 1136 dxv.
1540 1078 1667 1136 Placidus
1693 1081 1715 1112 ⁸¹
1743 1079 1862 1136 coenobii
1889 1079 2084 1136 lionantuliani

466 1183 546 1236 ctus,
562 1170 666 1225 domini
680 1169 818 1224 ll'ilhclmi
844 1168 950 1224 abbatis
973 1168 1062 1238 primo
1083 1168 1250 1238 discipulus,
1302 1168 1387 1239 prior,
1405 1169 1500 1226 scribit
1514 1177 1611 1225 contra
1626 1169 1805 1227 incestituras
1821 1179 1849 1226 et
1864 1171 1990 1241 iniquam
2010 1179 2085 1241 pote·

465 1265 564 1320 deinde
588 1265 616 1319 in
638 1262 805 1317 monasterio
817 1258 905 1315 sancti
917 1257 1027 1332 Georgii
1042 1259 1126 1315 abbas
1141 1259 1251 1324 tertius,
1302 1270 1399 1317 statem
1413 1262 1503 1332 quarti
1518 1261 1638 1319 ilenrici.

466 1357 614 1413 actandem
626 1353 754 1409 blotensis
768 1354 913 1423 episcopus
926 1350 1123 1421 aliquantisper
1135 1348 1253 1405 admini·
1337 1352 1402 1410 Cer.
1422 1352 1514 1414 cxl'l.
1535 1352 1668 1411 Geraldus
1681 1355 1704 1387 ⁸⁸
1727 1354 1771 1410 rir
1782 1353 1880 1411 doctus
1895 1354 1970 1425 apud
1990 1367 2085 1409 mona·

467 1456 555 1503 strato
570 1447 711 1518 episcopio
733 1445 856 1515 sepultus
877 1452 920 1500 ost
940 1443 969 1497 in
989 1441 1129 1496 cluniaco.
1154 1440 1187 1495 Et
1208 1441 1253 1496 bic
1302 1447 1415 1504 sterium
1431 1443 1523 1502 Sancti
1538 1446 1620 1503 lilasii
1634 1447 1786 1504 monachus
1801 1447 1906 1510 lactus,
1923 1445 2008 1501 sitam
2025 1443 2086 1500 reli-

466 1555 575 1612 quoque
589 1538 747 1595 Tractatum
763 1552 846 1591 uuum
860 1535 894 1592 de
908 1533 1012 1590 Musica
1028 1534 1140 1600 scribit,
1156 1534 1253 1605 inquo
1303 1538 1407 1610 giosam
1431 1539 1589 1611 aliquandiu
1611 1539 1706 1605 duxit,
1725 1541 1772 1610 qui
1793 1541 1864 1595 inter
1877 1539 1931 1594 alia
1948 1552 2086 1594 commcn-

466 1633 501 1688 de
516 1633 577 1702 ejus
593 1630 764 1691 intentione,
782 1637 809 1685 et
825 1628 965 1690 numeris,
981 1639 1013 1680 ac
1032 1624 1254 1696 proportionibus
1303 1635 1362 1686 tum
1378 1645 1460 1700 super
1479 1630 1651 1686 dialecticam
1673 1631 1795 1700 scripsit.
1817 1628 1934 1702 Scripsit
1956 1637 2086 1702 praeterea

466 1724 543 1794 iuxta
558 1722 752 1777 dritbmeticos
767 1719 887 1776 breviter
900 1716 1029 1789 quidem,
1044 1717 1092 1773 sed
1106 1717 1174 1773 satis
1189 1717 1255 1773 sub·
1303 1721 1370 1776 satis
1386 1720 1492 1775 utilium
1507 1721 1637 1776 collectas
1652 1722 1862 1777 sententiarum.

468 1817 554 1872 tilitor
570 1815 636 1885 agit.
1339 1809 1404 1866 Cre.
1424 1808 1528 1866 ctttl.
1547 1809 1704 1881 liudpertus
1720 1811 1744 1842 ‘⁸
1762 1810 1891 1882 Magnus,
1905 1826 2041 1882 magnum
2062 1815 2088 1866 ct

503 1905 569 1960 Cre.
589 1901 645 1960 cx.
671 1901 816 1958 Udalricns
839 1899 864 1933 ⁸⁸
889 1897 1100 1970 llatisponeusis
1125 1897 1254 1955 Eccleslae
1304 1900 1429 1957 mirabile
1441 1902 1562 1958 scientiae
1574 1901 1677 1958 donum
1692 1913 1851 1967 assecutus,
1867 1903 1942 1976 apud
1957 1901 2088 1959 [modim

469 1996 635 2058 carronicus,
652 2011 683 2049 ao
699 1991 871 2065 postmodum
890 1991 1083 2048 cluniacensis
1096 1992 1255 2049 monasterii
1305 1992 1333 2048 in
1355 1995 1524 2050 monasterio
1540 1992 1634 2050 Sancti
1654 1994 1794 2050 Laurentii
1814 1994 1990 2066 regularibus
2007 1993 2088 2050 disci·

469 2092 640 2155 monacbus,
655 2090 746 2144 rnultae
761 2090 883 2145 scientiae
896 2088 1041 2159 multaeque
1061 2088 1197 2159 patientie
1215 2089 1256 2144 vir
1306 2086 1389 2156 plinis
1417 2102 1432 2141 a
1460 2102 1546 2158 puero
1574 2087 1739 2151 institutus,
1765 2086 1865 2144 deinde
1889 2086 2090 2159 sigibergensis

470 2184 594 2246 exstitit,
612 2183 712 2253 quippe
726 2182 772 2252 qni
788 2181 889 2237 multas
901 2181 1025 2251 corporis
1044 2180 1185 2236 molestias
1203 2180 1255 2235 im·
1269 2167 1292 2222 Β
1305 2182 1474 2248 monachum
1490 2181 1523 2236 ad
1536 2182 1660 2238 ultimum
1669 2182 1820 2239 Tuitiensis
1826 2183 1912 2239 abbas
1921 2185 2090 2240 constitutus

469 2277 572 2331 missas
587 2291 603 2329 a
618 2273 750 2340 licutino,
767 2276 923 2345 multasque
935 2288 951 2328 a
965 2273 1044 2330 loisis
1057 2273 1188 2330 iratribus
1201 2273 1254 2331 sibi
1306 2288 1379 2328 anno
1398 2272 1505 2328 iiomini
1527 2275 1592 2329 1111
1616 2275 1669 2331 sub
1689 2282 1787 2347 quarto
1799 2274 1919 2332 ilenrico
1935 2276 2029 2331 scriba
2043 2276 2090 2331 do-

469 2368 607 2438 irrogatas
623 2367 738 2436 iujurias
753 2367 888 2436 patienter
906 2365 978 2421 tulit.
999 2363 1049 2420 liic
1066 2366 1168 2421 multas
1185 2366 1255 2422 scri·
1306 2373 1367 2422 ctus
1381 2365 1501 2422 scribere
1514 2374 1643 2432 exortus,
1657 2368 1912 2438 usquebotlrarium
1929 2370 2043 2424 tertium
2056 2367 2090 2433 ‘',

467 2459 509 2514 bit
521 2460 555 2514 ad
567 2458 690 2515 diversos
700 2459 841 2529 epistolas,
853 2456 1112 2529 reprebendenseos
1123 2459 1255 2529 quierant
1305 2463 1333 2513 ct
1355 2458 1455 2514 subeo
1475 2458 1555 2515 aunis
1570 2460 1682 2530 scripsit
1707 2460 1845 2530 plurimis.
1861 2459 1966 2516 Teroua
1988 2460 2037 2516 ubi
2052 2461 2091 2516 rel

468 2553 699 2624 reprehendendi,
729 2551 889 2608 collaudans
901 2566 968 2619 eos,
991 2551 1040 2622 gui
1053 2561 1132 2608 erant
1156 2553 1256 2610 exbor·
1305 2548 1426 2620 quarrdo,
1440 2548 1484 2605 rel
1497 2549 1633 2619 quomodo
1645 2551 1760 2621 gratiam
1771 2551 1908 2608 scribendi
1921 2553 2091 2624 perceperit,

468 2646 555 2702 tandi.
584 2643 700 2716 Scripsit
724 2633 806 2701 etiam
826 2644 975 2700 venerabili
996 2643 1143 2701 li'ilbelmo
1164 2644 1256 2701 abbati
1306 2641 1365 2712 ipse
1380 2643 1503 2714 inopere
1524 2658 1592 2708 suo,
1614 2643 1687 2715 qnod
1707 2644 1742 2701 dc
1761 2646 1847 2718 gloria
1867 2651 1896 2702 et
1909 2645 2019 2702 bonore
2032 2644 2092 2702 rtur

469 2738 629 2808 epistolam,
653 2737 682 2793 in
695 2751 748 2807 qua
773 2735 949 2806 reprehendit
969 2751 1032 2792 eum
1053 2743 1166 2808 propter
1184 2738 1256 2792 irre·
1308 2734 1429 2791 bominis
1443 2734 1527 2800 lecit,
1544 2736 1615 2791 libro
1634 2737 1797 2794 duodecimo
1817 2737 1924 2808 pandit.
1948 2736 2092 2794 bibrornsr

469 2830 592 2901 galarem
618 2829 693 2899 ejus,
720 2844 801 2899 quam
825 2843 860 2883 ex
882 2826 1108 2884 Germanicomm
1128 2829 1256 2884 abbatum
1306 2839 1390 2890 vero,
1409 2839 1478 2896 quos
1499 2827 1628 2896 scripsit,
1650 2828 1722 2885 alios
1742 2829 1770 2884 in
1788 2828 1991 2901 archiepiscopi
2011 2829 2094 2886 Colo·

470 2921 670 2993 usurpatione,
698 2921 761 2977 licet
784 2921 953 2993 simpliciter,
976 2921 1103 2993 portabat
1124 2936 1256 2993 cappam,
1307 2914 1428 2979 iliensis·
1443 2915 1512 2971 tli0⁵
1528 2913 1648 2972 [lembis
1667 2917 1714 2981 “s
1735 2915 1938 2988 Sittibtldellslss
1969 2917 2093 2983 tbhlite

470 3011 574 3068 docens
596 3027 659 3068 eum
680 3028 736 3067 non
758 3013 858 3068 debere
883 3011 1037 3083 transgredi
1059 3013 1182 3069 habiturn
1203 3013 1258 3070 sibi
1308 3021 1341 3061 tte
1365 3006 1539 3077 postmodum
1554 3007 1675 3079 episcopi
1688 3006 1898 3079 llatisponensis
1913 3010 2028 3066 nomine
2051 3017 2094 3064 at·

471 3106 659 3171 subditorum,
675 3121 737 3161 cum
752 3106 836 3162 sciret
851 3107 982 3177 scriptum
995 3125 1002 3161 :
1015 3106 1113 3162 Drrcem
1125 3117 1150 3162 te
1160 3107 1258 3162 consti·
1308 3097 1427 3153 limittit
1442 3113 1492 3168 liro
1506 3113 1555 3160 0⁰.
1572 3099 1644 3169 duod
1661 3114 1723 3155 elem
1739 3108 1854 3170 uterque
1873 3100 1986 3156 iliorum
2006 3101 2094 3172 impu·

473 3210 590 3267 ererum,
604 3208 659 3256 een
674 3200 701 3253 e·
715 3200 868 3269 illicerent
881 3214 948 3253 unm
960 3213 993 3254 ee
1005 3198 1060 3253 erro
1073 3198 1107 3254 ¹⁸.
1119 3198 1258 3254 runcis·
1309 3187 1372 3244 terit
1385 3187 1420 3243 aa
1433 3189 1619 3245 scribentum·
1632 3187 1683 3245 ure
1697 3190 1726 3245 in
1739 3190 1813 3246 tiore
1834 3190 1869 3246 ‘¹0
1889 3190 2094 3262 gloriantem

471 3292 544 3361 picta
557 3299 599 3346 est
611 3287 768 3361 Scriptura,
790 3304 851 3360 que
871 3289 957 3346 dicit:
983 3287 1093 3360 Corripe
1115 3290 1259 3358 sapientem
1310 3278 1453 3335 Trinitatis
1467 3289 1494 3336 et
1510 3282 1685 3350 processione
1707 3279 1827 3352 Spiritus
1845 3285 1935 3338 sancti
1955 3297 2042 3337 unam
2063 3280 2095 3337 sd

472 3392 498 3439 et
509 3382 601 3453 diliget
616 3392 660 3444 te,·
675 3382 739 3438 doce
747 3382 869 3452 justum,
890 3392 916 3437 et
932 3382 1070 3451 festinabit
1090 3382 1208 3452 occipere
1223 3383 1258 3438 ¹¹.
1310 3369 1459 3426 fl⁰ss⁰fi¹¹¹¹¹
1471 3386 1579 3442 papam,
1589 3372 1698 3429 issllbffl
1712 3372 1834 3430 88011000
1841 3373 1877 3429 ‘¹0
1888 3372 2096 3430 diviniwffitflt

474 3472 613 3529 Continuo
635 3473 722 3538 enim,
744 3482 775 3528 ut
794 3487 849 3527 una
868 3488 952 3529 manu
974 3472 1080 3544 accepit
1097 3473 1257 3544 epistolam,
1309 3461 1344 3517 td
1353 3461 1535 3519 'iterabilem
1547 3462 1709 3520 0010100010
1723 3463 1965 3535 ffliiiwssfflstm·
1981 3464 2096 3520 illm

473 3581 642 3637 cappamque
667 3563 753 3622 sensti
767 3564 980 3634 repreucnsam,
996 3579 1059 3619 cum
1073 3565 1158 3620 attera
1177 3580 1259 3620 uranu
1310 3553 1562 3625 serroneptsntsm
1573 3556 1875 3611 mnunmremomnem
1888 3553 2026 3611 librorum
2036 3568 2096 3610 sun

474 3671 614 3727 rrrruquam
629 3653 821 3717 reinduturus,
836 3653 969 3709 abstraxit
981 3666 1122 3717 eam,neo
1135 3651 1258 3718 distulit,
1309 3662 1371 3703 rrrm
1391 3662 1536 3705 summam.
1562 3645 1666 3704 Scribit
1684 3662 1750 3719 crgo
1768 3645 1961 3704 commentu-
1980 3649 2011 3704 in
2030 3647 2095 3714 iob,

368 3779 370 3781 >
473 3746 560 3802 donec
581 3745 729 3817 perlegeret
748 3743 902 3814 epistolam.
924 3740 1086 3813 Composuit
1098 3757 1207 3813 quoque
1221 3743 1261 3797 ei·
1310 3737 1442 3794 librorum
1455 3739 1550 3794 decem
1564 3747 1719 3808 tractatus;
1733 3739 1762 3795 in
1783 3739 1964 3813 Evangelium
1980 3739 2096 3798 Jocnmt

473 3849 530 3895 tam
543 3847 571 3895 et
584 3837 752 3909 epitaphium
770 3834 864 3892 Sancti
880 3833 1029 3892 llermanni
1048 3849 1081 3890 er
1103 3831 1260 3891 ilarcbione
1310 3829 1444 3885 librorum
1457 3829 1760 3903 quatuordeeimopus
1770 3832 1804 3889 de
1814 3832 1947 3904 operibns
1959 3840 2097 3891 mmraeet

476 3930 607 3985 monachi
623 3928 671 3983 dlii
686 3927 765 3984 ducis
779 3925 934 3983 berchtaldi
949 3925 1043 3980 lratris
1055 3923 1188 3981 Gerbardi
1207 3924 1261 3982 Co-
1310 3921 1456 3979 individuae
1469 3921 1623 3988 Trinitatis,
1632 3923 1766 3979 librorum
1773 3924 1957 3995 quadraginta
1965 3925 2095 3991 dnm,

478 4020 638 4077 staartiensis
669 4017 801 4090 episcopi.
829 4016 964 4074 Praeterea
993 4017 1104 4088 scripsit
1133 4018 1260 4074 volumen
1310 4028 1380 4084 opus
1400 4014 1429 4070 in
1447 4015 1639 4086 Apocrlypsim
1657 4015 1788 4072 librorum
1802 4015 1967 4083 duodecim,
1981 4033 2055 4090 opus
2069 4018 2096 4074 in

477 4105 707 4164 consuetudinum
722 4107 943 4163 clrrniacenslum
957 4107 1173 4173 monacbomm,
1188 4108 1262 4179 quod
1310 4103 1455 4160 duodecim
1475 4106 1629 4163 minoribus
1643 4107 1786 4180 propbetis
1805 4108 1940 4165 librorum
1963 4110 2096 4182 triginta,

476 4215 546 4270 pene
561 4199 660 4269 legitur
675 4198 775 4269 ubique
789 4208 934 4256 terrarum.
1310 4211 1379 4268 opus
1388 4193 1421 4251 de
1434 4193 1636 4273 uictoriaqierbi
1651 4195 1699 4253 lici
1713 4198 1847 4252 librorum
1861 4196 2012 4264 tredecim,
2028 4212 2097 4269 opus

511 4291 576 4348 Car.
595 4291 663 4348 011.
682 4290 873 4361 lloginbardus
886 4291 910 4324 ¹⁸
924 4290 1146 4363 llerbipolitanus
1158 4291 1263 4362 episco-
1311 4287 1345 4344 de
1357 4288 1443 4360 gloria
1454 4295 1481 4342 et
1496 4288 1600 4344 bonore
1609 4285 1671 4343 Filii
1684 4289 1806 4347 bominis
1817 4289 1846 4345 in
1859 4287 2040 4360 Evangelia·
2055 4305 2098 4346 se·

476 4398 529 4453 pus
546 4383 641 4438 scribit
656 4383 683 4436 in
697 4381 810 4436 Cantica
829 4382 1001 4437 canticorum
1021 4381 1261 4453 explanationem,
1312 4379 1431 4436 cundum
1452 4379 1607 4436 llattbaeum
1627 4381 1760 4437 librorum
1782 4381 1913 4446 totidem,
1930 4394 2003 4452 opns
2019 4398 2055 4438 ex
2066 4383 2098 4437 li·

477 4488 548 4544 opus
560 4471 703 4528 eximium.
1312 4471 1371 4529 bris
1389 4472 1424 4528 dc
1446 4470 1566 4543 glorioso
1585 4487 1650 4543 rege
1670 4470 1778 4536 barid,
1798 4478 1827 4527 et
1850 4485 1921 4541 opus
1934 4470 1965 4524 in
1980 4469 2096 4527 Centies

512 4564 578 4619 Cur.
595 4561 675 4619 Ciill.
685 4561 786 4618 Ponizo
798 4563 833 4596 ¹⁸·
846 4564 997 4623 Sutriensis
1009 4565 1153 4638 presbyter
1165 4561 1263 4638 Grego-
1311 4564 1482 4620 canticorum
1507 4571 1610 4636 septen
1633 4563 1734 4627 libellis
1757 4563 1916 4634 expliciunt.
1940 4561 2048 4619 Scribit
2070 4571 2095 4620 ct

477 4658 513 4710 eii
526 4657 549 4689 ⁸¹
564 4656 671 4727 septimi
686 4655 850 4726 temporibus
865 4658 961 4714 scribit
972 4666 1102 4730 excerpta
1123 4657 1158 4715 (ie
1175 4672 1262 4715 cano·
1311 4659 1475 4729 opusculum
1490 4657 1575 4714 trium
1589 4657 1743 4715 libellorum
1757 4657 1811 4714 sub
1830 4653 1946 4724 Dialogo
1961 4654 2053 4712 Jndmi
2070 4664 2095 4713 et

477 4747 569 4803 nibus.
1311 4750 1460 4808 Christiani
1476 4748 1510 4806 de
1524 4758 1696 4808 sacramento
1712 4749 1793 4816 lldei,
1811 4756 1840 4806 et
1858 4764 1929 4820 opus
1943 4749 1979 4805 de
1992 4748 2095 4828 glorid·

513 4840 578 4897 Cur.
596 4839 687 4897 cxlll.
707 4841 854 4899 beusdedit
869 4843 892 4875 ⁸·
907 4842 1057 4902 cardinalis
1073 4843 1176 4901 eisdem
1191 4852 1261 4902 tem·
1274 4873 1299 4933 ῃ
1313 4842 1420 4899 catione
1434 4840 1578 4898 Trinitatis
1597 4851 1626 4899 et
1644 4841 1822 4913 processione
1846 4839 1968 4912 Spiritus
1982 4841 2094 4906 naeu:

478 4932 591 5002 poribus
606 4933 718 5003 scripsit
733 4942 827 4989 contra
842 4931 1026 4992 Gnibertinos.
1314 4934 1401 4990 libros
1423 4951 1532 5008 quoqne
1546 4941 1581 4990 de
1602 4932 1779 4990 lleditatioue
1801 4933 1898 4988 mortis
1919 4945 1994 5003 quos
2015 4931 2095 5002 paule

513 5023 580 5079 Cre.
599 5023 691 5080 cxlv.
709 5024 897 5083 Cotschalcus.
912 5027 946 5091 ⁸¹,
971 5026 1123 5085 monachus
1145 5026 1264 5083 becbin·
1314 5035 1458 5097 autequam
1472 5035 1634 5090 ruoreretur,
1649 5024 1788 5082 inchoarit
1798 5030 1826 5079 et
1838 5030 1927 5078 morte
1940 5031 2095 5094 pravemer

478 5133 534 5189 gae,
550 5117 661 5188 scripsit
673 5118 743 5173 iuter
756 5120 809 5173 alia
823 5118 942 5173 libellum
955 5127 1072 5189 quatuor
1085 5136 1261 5183 sermonum,
1314 5137 1506 5179 consummare
1528 5138 1583 5178 non
1609 5123 1706 5192 potuit.
1732 5119 1874 5190 Humanae
1898 5116 1983 5173 codes
2008 5118 2096 5175 trelli-

481 5225 598 5281 quorum
623 5210 728 5282 primus
751 5210 785 5267 de
809 5211 990 5281 conceptione
1024 5213 1112 5267 sancti
1147 5209 1262 5267 loannis
1313 5217 1408 5268 censis.

513 5414 538 5447 ⁸⁸
550 5430 576 5472 a.
593 5415 645 5471 Cb.
662 5417 741 5472 1010.
778 5414 1020 5484 ⁸⁸[.Teutorticls.
1076 5416 1098 5449 ¹⁸
1114 5432 1159 5471 an.
1174 5416 1240 5471 cnr.
1255 5415 1335 5470 1070.
1371 5417 1550 5474 “Ecoliib
1589 5416 1612 5448 ⁸¹
1627 5415 1706 5472 Pron.
1721 5415 1748 5470 0.
1796 5411 1855 5469 ⁸⁸1.
1871 5427 1918 5468 an.
1936 5427 1968 5469 rr.
1985 5428 2035 5469 aa.
2048 5412 2089 5469 Cb

480 5484 550 5541 1055
563 5487 605 5542 rel
619 5486 698 5541 1080.
747 5485 989 5542 ⁸⁸‘nlinrliouizm
1008 5486 1134 5544 au.Clrr.
1153 5487 1232 5542 1010.
1271 5487 1558 5554 ''aiclocunrexplcn
1599 5485 1763 5543 “amcbn
1793 5484 1873 5541 1010.
1911 5484 2090 5540 “inem

480 5556 503 5587 ‘⁸
517 5572 561 5613 an.
576 5557 641 5612 Cirr.
659 5557 737 5611 1010.
775 5555 954 5613 ‘'lnc.nrat.
992 5557 1100 5613 “litu
1148 5557 1398 5613 ‘'nl.secundum.
1437 5559 1460 5592 ⁸⁸
1474 5557 1625 5613 chunonis.
