<?xml version="1.0" encoding="UTF-8"?>
<!DOCTYPE html PUBLIC "-//W3C//DTD XHTML 1.0 Transitional//EN"
    "http://www.w3.org/TR/xhtml1/DTD/xhtml1-transitional.dtd">
<html xmlns="http://www.w3.org/1999/xhtml" xml:lang="en" lang="en">
 <head>
  <title>
</title>
<meta http-equiv="Content-Type" content="text/html;charset=utf-8" />
  <meta name='ocr-system' content='tesseract 3.04.00' />
  <meta name='ocr-capabilities' content='ocr_page ocr_carea ocr_par ocr_line ocrx_word'/>
</head>
<body>
  <div class='ocr_page' id='page_1' title='image "./mitralesivedeof00petrgoog/mitralesivedeof00petrgoog_0298.png"; bbox 0 0 5125 7059; ppageno 0'>
   <div class='ocr_carea' id='block_1_1' title="bbox 600 678 2225 745">
    <p class='ocr_par' dir='ltr' id='par_1_1' title="bbox 600 678 2225 745">
     <span class='ocr_line' id='line_1_1' title="bbox 600 678 2225 745; baseline 0.009 -14"><span class='ocrx_word' id='word_1_1' title='bbox 600 682 655 740; x_wconf 73' lang='lat'><strong>587</strong></span> <span class='ocrx_word' id='word_1_2' title='bbox 1099 679 1204 741; x_wconf 73' lang='lat' dir='ltr'><strong>uetiti</strong></span> <span class='ocrx_word' id='word_1_3' title='bbox 1224 680 1350 738; x_wconf 74' lang='lat' dir='ltr'><strong>vittis</strong></span> <span class='ocrx_word' id='word_1_4' title='bbox 1367 678 1509 739; x_wconf 66' lang='lat' dir='ltr'><strong>censen</strong></span> <span class='ocrx_word' id='word_1_5' title='bbox 1527 678 1683 738; x_wconf 68' lang='lat' dir='ltr'><strong>bodacis!</strong></span> <span class='ocrx_word' id='word_1_6' title='bbox 2168 690 2225 745; x_wconf 66' lang='lat'><strong>5⁸8</strong></span> 
     </span>
    </p>
   </div>
   <div class='ocr_carea' id='block_1_2' title="bbox 581 791 2231 6224">
    <p class='ocr_par' dir='ltr' id='par_1_2' title="bbox 581 791 2231 6224">
     <span class='ocr_line' id='line_1_2' title="bbox 600 791 2227 869; baseline 0.007 -19"><span class='ocrx_word' id='word_1_7' title='bbox 600 794 728 851; x_wconf 87' lang='lat' dir='ltr'><strong>dicebant</strong></span> <span class='ocrx_word' id='word_1_8' title='bbox 752 793 871 851; x_wconf 79' lang='lat' dir='ltr'><strong>liseretlei</strong></span> <span class='ocrx_word' id='word_1_9' title='bbox 890 793 921 849; x_wconf 89' lang='lat' dir='ltr'><strong>B.</strong></span> <span class='ocrx_word' id='word_1_10' title='bbox 941 791 1055 850; x_wconf 85' lang='lat' dir='ltr'><strong>llariam</strong></span> <span class='ocrx_word' id='word_1_11' title='bbox 1086 792 1275 866; x_wconf 73' lang='lat' dir='ltr'><strong>liaqdaleoain</strong></span> <span class='ocrx_word' id='word_1_12' title='bbox 1302 793 1390 851; x_wconf 86' lang='lat' dir='ltr'><strong>luisse</strong></span> <span class='ocrx_word' id='word_1_13' title='bbox 1404 802 1426 856; x_wconf 74' lang='grc' dir='ltr'><strong>Α</strong></span> <span class='ocrx_word' id='word_1_14' title='bbox 1441 793 1469 848; x_wconf 92' lang='lat' dir='ltr'><strong>io</strong></span> <span class='ocrx_word' id='word_1_15' title='bbox 1483 810 1570 851; x_wconf 85' lang='lat' dir='ltr'><strong>unuin</strong></span> <span class='ocrx_word' id='word_1_16' title='bbox 1591 802 1618 851; x_wconf 91' lang='lat' dir='ltr'><strong>et</strong></span> <span class='ocrx_word' id='word_1_17' title='bbox 1643 810 1706 851; x_wconf 88' lang='lat' dir='ltr'><strong>cuin</strong></span> <span class='ocrx_word' id='word_1_18' title='bbox 1731 796 1851 852; x_wconf 76' lang='lat' dir='ltr'><strong>maxima</strong></span> <span class='ocrx_word' id='word_1_19' title='bbox 1876 797 2021 859; x_wconf 80' lang='lat' dir='ltr'><strong>deuotione</strong></span> <span class='ocrx_word' id='word_1_20' title='bbox 2036 802 2227 869; x_wconf 85' lang='lat' dir='ltr'><strong>caritantibus.</strong></span> 
     </span>
     <span class='ocr_line' id='line_1_3' title="bbox 600 885 2230 966; baseline 0.008 -24"><span class='ocrx_word' id='word_1_21' title='bbox 600 886 704 944; x_wconf 79' lang='lat' dir='ltr'><strong>cliristi</strong></span> <span class='ocrx_word' id='word_1_22' title='bbox 719 887 921 953; x_wconf 82' lang='lat' dir='ltr'><strong>concubinam,</strong></span> <span class='ocrx_word' id='word_1_23' title='bbox 945 896 1075 957; x_wconf 73' lang='lat' dir='ltr'><strong>prseterea</strong></span> <span class='ocrx_word' id='word_1_24' title='bbox 1099 885 1127 942; x_wconf 91' lang='lat' dir='ltr'><strong>io</strong></span> <span class='ocrx_word' id='word_1_25' title='bbox 1152 885 1277 943; x_wconf 76' lang='lat' dir='ltr'>Ecclesia</span> <span class='ocrx_word' id='word_1_26' title='bbox 1300 887 1388 957; x_wconf 88' lang='lat' dir='ltr'><strong>ipsius</strong></span> <span class='ocrx_word' id='word_1_27' title='bbox 1447 886 1528 951; x_wconf 84' lang='lat' dir='ltr'><strong>l&#39;eni,</strong></span> <span class='ocrx_word' id='word_1_28' title='bbox 1548 897 1639 942; x_wconf 85' lang='lat' dir='ltr'><strong>sancte</strong></span> <span class='ocrx_word' id='word_1_29' title='bbox 1664 886 1796 958; x_wconf 82' lang='lat' dir='ltr'><strong>Spiritus,</strong></span> <span class='ocrx_word' id='word_1_30' title='bbox 1822 890 2002 964; x_wconf 82' lang='lat' dir='ltr'><strong>divinumque</strong></span> <span class='ocrx_word' id='word_1_31' title='bbox 2026 897 2230 966; x_wconf 86' lang='lat' dir='ltr'><strong>postulantibus</strong></span> 
     </span>
     <span class='ocr_line' id='line_1_4' title="bbox 599 977 2228 1058; baseline 0.006 -24"><span class='ocrx_word' id='word_1_32' title='bbox 599 994 662 1051; x_wconf 79' lang='lat' dir='ltr'><strong>qiiae</strong></span> <span class='ocrx_word' id='word_1_33' title='bbox 675 988 736 1036; x_wconf 90' lang='lat' dir='ltr'><strong>erat</strong></span> <span class='ocrx_word' id='word_1_34' title='bbox 751 980 777 1035; x_wconf 92' lang='lat' dir='ltr'><strong>in</strong></span> <span class='ocrx_word' id='word_1_35' title='bbox 791 979 916 1044; x_wconf 84' lang='lat' dir='ltr'><strong>ciuitate,</strong></span> <span class='ocrx_word' id='word_1_36' title='bbox 942 981 1013 1036; x_wconf 89' lang='lat' dir='ltr'><strong>sicut</strong></span> <span class='ocrx_word' id='word_1_37' title='bbox 1036 994 1120 1050; x_wconf 88' lang='lat' dir='ltr'><strong>supra</strong></span> <span class='ocrx_word' id='word_1_38' title='bbox 1137 979 1300 1050; x_wconf 76' lang='lat' dir='ltr'><strong>tetigimus,</strong></span> <span class='ocrx_word' id='word_1_39' title='bbox 1313 979 1391 1037; x_wconf 82' lang='lat' dir='ltr'><strong>ciret</strong></span> <span class='ocrx_word' id='word_1_40' title='bbox 1441 977 1573 1034; x_wconf 79' lang='lat' dir='ltr'><strong>auxilium</strong></span> <span class='ocrx_word' id='word_1_41' title='bbox 1589 993 1654 1033; x_wconf 83' lang='lat' dir='ltr'><strong>mor</strong></span> <span class='ocrx_word' id='word_1_42' title='bbox 1669 977 1848 1043; x_wconf 85' lang='lat' dir='ltr'><strong>adiuturum.</strong></span> <span class='ocrx_word' id='word_1_43' title='bbox 1868 980 2028 1039; x_wconf 89' lang='lat' dir='ltr'><strong>derelictum</strong></span> <span class='ocrx_word' id='word_1_44' title='bbox 2050 986 2146 1041; x_wconf 87' lang='lat' dir='ltr'><strong>statiin</strong></span> <span class='ocrx_word' id='word_1_45' title='bbox 2169 987 2228 1058; x_wconf 90' lang='lat' dir='ltr'><strong>pri·</strong></span> 
     </span>
     <span class='ocr_line' id='line_1_5' title="bbox 600 1070 2101 1149; baseline 0.007 -22"><span class='ocrx_word' id='word_1_46' title='bbox 600 1070 772 1130; x_wconf 78' lang='lat' dir='ltr'><strong>biterrenses</strong></span> <span class='ocrx_word' id='word_1_47' title='bbox 784 1071 929 1128; x_wconf 90' lang='lat' dir='ltr'><strong>dominum</strong></span> <span class='ocrx_word' id='word_1_48' title='bbox 953 1089 1033 1129; x_wconf 90' lang='lat' dir='ltr'><strong>suum</strong></span> <span class='ocrx_word' id='word_1_49' title='bbox 1059 1072 1235 1141; x_wconf 83' lang='lat' dir='ltr'><strong>occiderant,</strong></span> <span class='ocrx_word' id='word_1_50' title='bbox 1261 1072 1391 1143; x_wconf 86' lang='lat' dir='ltr'><strong>episcopo</strong></span> <span class='ocrx_word' id='word_1_51' title='bbox 1440 1087 1516 1128; x_wconf 88' lang='lat' dir='ltr'><strong>mum</strong></span> <span class='ocrx_word' id='word_1_52' title='bbox 1531 1072 1692 1129; x_wconf 76' lang='lat' dir='ltr'>suburbium</span> <span class='ocrx_word' id='word_1_53' title='bbox 1706 1074 1741 1129; x_wconf 91' lang='lat' dir='ltr'><strong>ab</strong></span> <span class='ocrx_word' id='word_1_54' title='bbox 1757 1074 1901 1144; x_wconf 85' lang='lat' dir='ltr'><strong>hostibus,</strong></span> <span class='ocrx_word' id='word_1_55' title='bbox 1917 1076 1943 1131; x_wconf 86' lang='lat' dir='ltr'><strong>ii</strong></span> <span class='ocrx_word' id='word_1_56' title='bbox 1959 1088 2101 1149; x_wconf 86' lang='lat' dir='ltr'><strong>ceperunt.</strong></span> 
     </span>
     <span class='ocr_line' id='line_1_6' title="bbox 601 1161 2229 1236; baseline 0.006 -16"><span class='ocrx_word' id='word_1_57' title='bbox 601 1179 653 1220; x_wconf 89' lang='lat' dir='ltr'><strong>suo</strong></span> <span class='ocrx_word' id='word_1_58' title='bbox 665 1161 1078 1233; x_wconf 81' lang='lat' dir='ltr'><strong>deiitesconireqerant.llcritc</strong></span> <span class='ocrx_word' id='word_1_59' title='bbox 1091 1163 1175 1235; x_wconf 77' lang='lat' dir='ltr'><strong>ipitur</strong></span> <span class='ocrx_word' id='word_1_60' title='bbox 1187 1163 1215 1219; x_wconf 90' lang='lat' dir='ltr'><strong>in</strong></span> <span class='ocrx_word' id='word_1_61' title='bbox 1227 1162 1390 1222; x_wconf 85' lang='lat' dir='ltr'><strong>illiuslesti·</strong></span> <span class='ocrx_word' id='word_1_62' title='bbox 1476 1163 1532 1223; x_wconf 79' lang='lat' dir='ltr'><strong>Nec</strong></span> <span class='ocrx_word' id='word_1_63' title='bbox 1555 1164 1773 1236; x_wconf 79' lang='lat' dir='ltr'><strong>praetereundum</strong></span> <span class='ocrx_word' id='word_1_64' title='bbox 1790 1164 1865 1236; x_wconf 89' lang='lat' dir='ltr'><strong>quud</strong></span> <span class='ocrx_word' id='word_1_65' title='bbox 1883 1166 1984 1223; x_wconf 91' lang='lat' dir='ltr'><strong>nobilis</strong></span> <span class='ocrx_word' id='word_1_66' title='bbox 1999 1182 2094 1227; x_wconf 87' lang='lat' dir='ltr'><strong>cemes</strong></span> <span class='ocrx_word' id='word_1_67' title='bbox 2113 1170 2229 1234; x_wconf 69' lang='lat' dir='ltr'><strong>Uentis·</strong></span> 
     </span>
     <span class='ocr_line' id='line_1_7' title="bbox 601 1256 2228 1335; baseline 0.007 -23"><span class='ocrx_word' id='word_1_68' title='bbox 601 1259 686 1313; x_wconf 83' lang='lat' dir='ltr'><strong>nitate</strong></span> <span class='ocrx_word' id='word_1_69' title='bbox 698 1258 770 1328; x_wconf 92' lang='lat' dir='ltr'><strong>capti</strong></span> <span class='ocrx_word' id='word_1_70' title='bbox 789 1267 855 1314; x_wconf 87' lang='lat' dir='ltr'><strong>sunt</strong></span> <span class='ocrx_word' id='word_1_71' title='bbox 868 1267 897 1313; x_wconf 95' lang='lat' dir='ltr'><strong>et</strong></span> <span class='ocrx_word' id='word_1_72' title='bbox 909 1257 1060 1319; x_wconf 86' lang='lat' dir='ltr'><strong>destructi.</strong></span> <span class='ocrx_word' id='word_1_73' title='bbox 1075 1258 1110 1313; x_wconf 93' lang='lat' dir='ltr'><strong>dc</strong></span> <span class='ocrx_word' id='word_1_74' title='bbox 1121 1271 1176 1330; x_wconf 91' lang='lat' dir='ltr'><strong>qua</strong></span> <span class='ocrx_word' id='word_1_75' title='bbox 1191 1256 1391 1313; x_wconf 89' lang='lat' dir='ltr'><strong>contumeliosa</strong></span> <span class='ocrx_word' id='word_1_76' title='bbox 1442 1259 1520 1318; x_wconf 89' lang='lat' dir='ltr'><strong>lurtis</strong></span> <span class='ocrx_word' id='word_1_77' title='bbox 1532 1260 1638 1330; x_wconf 90' lang='lat' dir='ltr'><strong>primus</strong></span> <span class='ocrx_word' id='word_1_78' title='bbox 1649 1260 1783 1326; x_wconf 89' lang='lat' dir='ltr'><strong>omniurn,</strong></span> <span class='ocrx_word' id='word_1_79' title='bbox 1799 1260 1941 1318; x_wconf 89' lang='lat' dir='ltr'><strong>imusoliis</strong></span> <span class='ocrx_word' id='word_1_80' title='bbox 1955 1262 2045 1335; x_wconf 85' lang='lat' dir='ltr'><strong>quoad</strong></span> <span class='ocrx_word' id='word_1_81' title='bbox 2060 1265 2175 1333; x_wconf 88' lang='lat' dir='ltr'><strong>niiiites,</strong></span> <span class='ocrx_word' id='word_1_82' title='bbox 2201 1267 2228 1323; x_wconf 93' lang='lat' dir='ltr'><strong>iu</strong></span> 
     </span>
     <span class='ocr_line' id='line_1_8' title="bbox 602 1348 2229 1422; baseline 0.004 -17"><span class='ocrx_word' id='word_1_83' title='bbox 602 1358 643 1406; x_wconf 90' lang='lat' dir='ltr'><strong>tut</strong></span> <span class='ocrx_word' id='word_1_84' title='bbox 659 1349 802 1417; x_wconf 85' lang='lat' dir='ltr'><strong>dixerant,</strong></span> <span class='ocrx_word' id='word_1_85' title='bbox 824 1350 904 1419; x_wconf 87' lang='lat' dir='ltr'><strong>cujus</strong></span> <span class='ocrx_word' id='word_1_86' title='bbox 919 1351 1003 1405; x_wconf 88' lang='lat' dir='ltr'><strong>etiam</strong></span> <span class='ocrx_word' id='word_1_87' title='bbox 1019 1351 1164 1408; x_wconf 89' lang='lat' dir='ltr'><strong>ecclesiam</strong></span> <span class='ocrx_word' id='word_1_88' title='bbox 1189 1350 1325 1422; x_wconf 75' lang='lat' dir='ltr'><strong>sanguine</strong></span> <span class='ocrx_word' id='word_1_89' title='bbox 1341 1350 1392 1405; x_wconf 88' lang='lat' dir='ltr'><strong>do·</strong></span> <span class='ocrx_word' id='word_1_90' title='bbox 1442 1348 1577 1405; x_wconf 65' lang='lat' dir='ltr'><strong>nasutum</strong></span> <span class='ocrx_word' id='word_1_91' title='bbox 1592 1349 1704 1404; x_wconf 88' lang='lat' dir='ltr'><strong>semisit</strong></span> <span class='ocrx_word' id='word_1_92' title='bbox 1716 1351 1845 1406; x_wconf 86' lang='lat' dir='ltr'><strong>audacter</strong></span> <span class='ocrx_word' id='word_1_93' title='bbox 1854 1366 1917 1407; x_wconf 89' lang='lat' dir='ltr'><strong>cuin</strong></span> <span class='ocrx_word' id='word_1_94' title='bbox 1926 1355 2032 1411; x_wconf 68' lang='lat' dir='ltr'><strong>ceteris</strong></span> <span class='ocrx_word' id='word_1_95' title='bbox 2046 1355 2151 1410; x_wconf 89' lang='lat' dir='ltr'><strong>dictuni</strong></span> <span class='ocrx_word' id='word_1_96' title='bbox 2164 1357 2229 1413; x_wconf 89' lang='lat' dir='ltr'><strong>sub·</strong></span> 
     </span>
     <span class='ocr_line' id='line_1_9' title="bbox 601 1441 2229 1519; baseline 0.004 -21"><span class='ocrx_word' id='word_1_97' title='bbox 601 1443 670 1499; x_wconf 90' lang='lat' dir='ltr'><strong>niioi</strong></span> <span class='ocrx_word' id='word_1_98' title='bbox 696 1444 739 1500; x_wconf 87' lang='lat' dir='ltr'><strong>sui</strong></span> <span class='ocrx_word' id='word_1_99' title='bbox 759 1443 931 1499; x_wconf 76' lang='lat' dir='ltr'><strong>vicecomitis</strong></span> <span class='ocrx_word' id='word_1_100' title='bbox 956 1443 1104 1511; x_wconf 83' lang='lat' dir='ltr'><strong>uidelicet,</strong></span> <span class='ocrx_word' id='word_1_101' title='bbox 1127 1456 1247 1498; x_wconf 88' lang='lat' dir='ltr'><strong>necnon</strong></span> <span class='ocrx_word' id='word_1_102' title='bbox 1268 1441 1391 1512; x_wconf 80' lang='lat' dir='ltr'><strong>episcopi</strong></span> <span class='ocrx_word' id='word_1_103' title='bbox 1442 1441 1549 1497; x_wconf 91' lang='lat' dir='ltr'><strong>urbium</strong></span> <span class='ocrx_word' id='word_1_104' title='bbox 1574 1441 1768 1514; x_wconf 72' lang='lat' dir='ltr'><strong>impugnando.</strong></span> <span class='ocrx_word' id='word_1_105' title='bbox 1782 1442 1860 1510; x_wconf 77' lang='lat' dir='ltr'><strong>Quod</strong></span> <span class='ocrx_word' id='word_1_106' title='bbox 1870 1456 1993 1515; x_wconf 88' lang='lat' dir='ltr'><strong>captum,</strong></span> <span class='ocrx_word' id='word_1_107' title='bbox 2009 1447 2130 1519; x_wconf 79' lang='lat' dir='ltr'><strong>impletis</strong></span> <span class='ocrx_word' id='word_1_108' title='bbox 2141 1447 2229 1504; x_wconf 84' lang='lat' dir='ltr'><strong>iussa·</strong></span> 
     </span>
     <span class='ocr_line' id='line_1_10' title="bbox 602 1533 2229 1608; baseline 0.002 -16"><span class='ocrx_word' id='word_1_109' title='bbox 602 1537 868 1593; x_wconf 78' lang='lat' dir='ltr'><strong>ioedaierautcaoes</strong></span> <span class='ocrx_word' id='word_1_110' title='bbox 883 1535 1127 1607; x_wconf 90' lang='lat' dir='ltr'><strong>impudentissimi.</strong></span> <span class='ocrx_word' id='word_1_111' title='bbox 1142 1533 1173 1591; x_wconf 93' lang='lat' dir='ltr'><strong>ln</strong></span> <span class='ocrx_word' id='word_1_112' title='bbox 1196 1535 1292 1592; x_wconf 90' lang='lat' dir='ltr'><strong>eadem</strong></span> <span class='ocrx_word' id='word_1_113' title='bbox 1306 1534 1392 1591; x_wconf 86' lang='lat' dir='ltr'><strong>ctiam</strong></span> <span class='ocrx_word' id='word_1_114' title='bbox 1442 1533 1488 1600; x_wconf 90' lang='lat' dir='ltr'><strong>tis,</strong></span> <span class='ocrx_word' id='word_1_115' title='bbox 1515 1534 1601 1590; x_wconf 88' lang='lat' dir='ltr'><strong>uestri</strong></span> <span class='ocrx_word' id='word_1_116' title='bbox 1621 1544 1702 1590; x_wconf 79' lang='lat' dir='ltr'><strong>terrae</strong></span> <span class='ocrx_word' id='word_1_117' title='bbox 1723 1534 1832 1606; x_wconf 90' lang='lat' dir='ltr'><strong>penitus</strong></span> <span class='ocrx_word' id='word_1_118' title='bbox 1852 1536 2074 1608; x_wconf 78' lang='lat' dir='ltr'><strong>adaequaverunt.</strong></span> <span class='ocrx_word' id='word_1_119' title='bbox 2099 1539 2229 1597; x_wconf 73' lang='lat' dir='ltr'><strong>videntes</strong></span> 
     </span>
     <span class='ocr_line' id='line_1_11' title="bbox 601 1625 2228 1703; baseline 0.003 -19"><span class='ocrx_word' id='word_1_120' title='bbox 601 1628 728 1693; x_wconf 88' lang='lat' dir='ltr'><strong>ecelesia,</strong></span> <span class='ocrx_word' id='word_1_121' title='bbox 739 1627 767 1683; x_wconf 94' lang='lat' dir='ltr'><strong>io</strong></span> <span class='ocrx_word' id='word_1_122' title='bbox 780 1642 845 1699; x_wconf 89' lang='lat' dir='ltr'><strong>qua,</strong></span> <span class='ocrx_word' id='word_1_123' title='bbox 857 1637 887 1686; x_wconf 91' lang='lat' dir='ltr'><strong>ut</strong></span> <span class='ocrx_word' id='word_1_124' title='bbox 897 1642 969 1697; x_wconf 79' lang='lat' dir='ltr'><strong>supe</strong></span> <span class='ocrx_word' id='word_1_125' title='bbox 979 1627 1081 1683; x_wconf 90' lang='lat' dir='ltr'><strong>dictum</strong></span> <span class='ocrx_word' id='word_1_126' title='bbox 1091 1635 1144 1692; x_wconf 88' lang='lat' dir='ltr'><strong>est,</strong></span> <span class='ocrx_word' id='word_1_127' title='bbox 1153 1625 1297 1681; x_wconf 90' lang='lat' dir='ltr'><strong>deminum</strong></span> <span class='ocrx_word' id='word_1_128' title='bbox 1310 1640 1392 1682; x_wconf 90' lang='lat' dir='ltr'><strong>suuni</strong></span> <span class='ocrx_word' id='word_1_129' title='bbox 1442 1637 1533 1681; x_wconf 85' lang='lat' dir='ltr'><strong>autern</strong></span> <span class='ocrx_word' id='word_1_130' title='bbox 1547 1626 1634 1681; x_wconf 82' lang='lat' dir='ltr'><strong>nostri</strong></span> <span class='ocrx_word' id='word_1_131' title='bbox 1644 1627 1717 1697; x_wconf 91' lang='lat' dir='ltr'><strong>quod</strong></span> <span class='ocrx_word' id='word_1_132' title='bbox 1730 1639 1785 1682; x_wconf 86' lang='lat' dir='ltr'><strong>tam</strong></span> <span class='ocrx_word' id='word_1_133' title='bbox 1801 1627 1880 1685; x_wconf 86' lang='lat' dir='ltr'><strong>lacile</strong></span> <span class='ocrx_word' id='word_1_134' title='bbox 1891 1630 2029 1701; x_wconf 70' lang='lat' dir='ltr'><strong>cepissent</strong></span> <span class='ocrx_word' id='word_1_135' title='bbox 2052 1633 2228 1703; x_wconf 69' lang='lat' dir='ltr'><strong>sepedictum</strong></span> 
     </span>
     <span class='ocr_line' id='line_1_12' title="bbox 600 1718 2227 1793; baseline 0.004 -18"><span class='ocrx_word' id='word_1_136' title='bbox 600 1721 761 1776; x_wconf 85' lang='lat' dir='ltr'><strong>occiderant</strong></span> <span class='ocrx_word' id='word_1_137' title='bbox 787 1721 861 1777; x_wconf 86' lang='lat' dir='ltr'><strong>circs</strong></span> <span class='ocrx_word' id='word_1_138' title='bbox 885 1719 1074 1782; x_wconf 77' lang='lat' dir='ltr'><strong>biterrenses,</strong></span> <span class='ocrx_word' id='word_1_139' title='bbox 1101 1718 1161 1791; x_wconf 86' lang='lat' dir='ltr'><strong>ipsa</strong></span> <span class='ocrx_word' id='word_1_140' title='bbox 1184 1718 1229 1774; x_wconf 88' lang='lat' dir='ltr'><strong>die</strong></span> <span class='ocrx_word' id='word_1_141' title='bbox 1256 1718 1393 1789; x_wconf 88' lang='lat' dir='ltr'><strong>captionis</strong></span> <span class='ocrx_word' id='word_1_142' title='bbox 1443 1719 1618 1787; x_wconf 79' lang='lat' dir='ltr'><strong>suburbium,</strong></span> <span class='ocrx_word' id='word_1_143' title='bbox 1646 1720 1773 1775; x_wconf 89' lang='lat' dir='ltr'><strong>arbitrati</strong></span> <span class='ocrx_word' id='word_1_144' title='bbox 1794 1730 1859 1777; x_wconf 91' lang='lat' dir='ltr'><strong>suut</strong></span> <span class='ocrx_word' id='word_1_145' title='bbox 1878 1723 2029 1779; x_wconf 86' lang='lat' dir='ltr'><strong>secundum</strong></span> <span class='ocrx_word' id='word_1_146' title='bbox 2053 1726 2227 1793; x_wconf 83' lang='lat' dir='ltr'><strong>suburbium,</strong></span> 
     </span>
     <span class='ocr_line' id='line_1_13' title="bbox 600 1811 2228 1890; baseline 0.005 -22"><span class='ocrx_word' id='word_1_147' title='bbox 600 1812 720 1870; x_wconf 83' lang='lat' dir='ltr'><strong>ciuitatis</strong></span> <span class='ocrx_word' id='word_1_148' title='bbox 733 1812 845 1870; x_wconf 84' lang='lat' dir='ltr'><strong>luerunt</strong></span> <span class='ocrx_word' id='word_1_149' title='bbox 867 1827 956 1882; x_wconf 87' lang='lat' dir='ltr'><strong>iisque</strong></span> <span class='ocrx_word' id='word_1_150' title='bbox 978 1813 1013 1871; x_wconf 89' lang='lat' dir='ltr'><strong>ad</strong></span> <span class='ocrx_word' id='word_1_151' title='bbox 1036 1820 1140 1880; x_wconf 88' lang='lat' dir='ltr'><strong>septem</strong></span> <span class='ocrx_word' id='word_1_152' title='bbox 1166 1811 1253 1868; x_wconf 90' lang='lat' dir='ltr'><strong>millia</strong></span> <span class='ocrx_word' id='word_1_153' title='bbox 1272 1812 1392 1884; x_wconf 85' lang='lat' dir='ltr'><strong>deipsis</strong></span> <span class='ocrx_word' id='word_1_154' title='bbox 1441 1816 1515 1886; x_wconf 89' lang='lat' dir='ltr'><strong>quod</strong></span> <span class='ocrx_word' id='word_1_155' title='bbox 1532 1815 1612 1885; x_wconf 74' lang='lat' dir='ltr'><strong>lenge</strong></span> <span class='ocrx_word' id='word_1_156' title='bbox 1632 1812 1733 1871; x_wconf 87' lang='lat' dir='ltr'><strong>lortius</strong></span> <span class='ocrx_word' id='word_1_157' title='bbox 1747 1825 1808 1871; x_wconf 82' lang='lat' dir='ltr'><strong>erat</strong></span> <span class='ocrx_word' id='word_1_158' title='bbox 1830 1825 1859 1871; x_wconf 88' lang='lat' dir='ltr'><strong>et</strong></span> <span class='ocrx_word' id='word_1_159' title='bbox 1885 1818 2019 1874; x_wconf 91' lang='lat' dir='ltr'><strong>munitius</strong></span> <span class='ocrx_word' id='word_1_160' title='bbox 2036 1834 2084 1890; x_wconf 91' lang='lat' dir='ltr'><strong>per</strong></span> <span class='ocrx_word' id='word_1_161' title='bbox 2096 1819 2228 1876; x_wconf 89' lang='lat' dir='ltr'><strong>insultum</strong></span> 
     </span>
     <span class='ocr_line' id='line_1_14' title="bbox 602 1903 2228 1979; baseline 0.006 -21"><span class='ocrx_word' id='word_1_162' title='bbox 602 1903 805 1961; x_wconf 75' lang='lat' dir='ltr'><strong>biterrensibus</strong></span> <span class='ocrx_word' id='word_1_163' title='bbox 822 1904 970 1961; x_wconf 89' lang='lat' dir='ltr'><strong>interlecti.</strong></span> <span class='ocrx_word' id='word_1_164' title='bbox 1442 1907 1567 1964; x_wconf 86' lang='lat' dir='ltr'><strong>similiter</strong></span> <span class='ocrx_word' id='word_1_165' title='bbox 1580 1907 1640 1978; x_wconf 87' lang='lat' dir='ltr'><strong>eapi</strong></span> <span class='ocrx_word' id='word_1_166' title='bbox 1655 1921 1745 1979; x_wconf 88' lang='lat' dir='ltr'><strong>pesse.</strong></span> <span class='ocrx_word' id='word_1_167' title='bbox 1762 1905 1812 1963; x_wconf 85' lang='lat' dir='ltr'><strong>ilie</strong></span> <span class='ocrx_word' id='word_1_168' title='bbox 1834 1917 1926 1964; x_wconf 88' lang='lat' dir='ltr'><strong>autem</strong></span> <span class='ocrx_word' id='word_1_169' title='bbox 1946 1909 2045 1977; x_wconf 87' lang='lat' dir='ltr'><strong>altero,</strong></span> <span class='ocrx_word' id='word_1_170' title='bbox 2069 1912 2105 1968; x_wconf 85' lang='lat' dir='ltr'><strong>ad</strong></span> <span class='ocrx_word' id='word_1_171' title='bbox 2119 1927 2228 1968; x_wconf 87' lang='lat' dir='ltr'><strong>murum</strong></span> 
     </span>
     <span class='ocr_line' id='line_1_15' title="bbox 637 1995 2229 2075; baseline 0.007 -25"><span class='ocrx_word' id='word_1_172' title='bbox 637 1995 851 2053; x_wconf 85' lang='lat' dir='ltr'><strong>Notabiiiterest</strong></span> <span class='ocrx_word' id='word_1_173' title='bbox 866 1997 1019 2058; x_wconf 87' lang='lat' dir='ltr'><strong>notandum</strong></span> <span class='ocrx_word' id='word_1_174' title='bbox 1034 1996 1108 2066; x_wconf 88' lang='lat' dir='ltr'><strong>quod</strong></span> <span class='ocrx_word' id='word_1_175' title='bbox 1122 1996 1195 2055; x_wconf 85' lang='lat' dir='ltr'><strong>sieut</strong></span> <span class='ocrx_word' id='word_1_176' title='bbox 1208 1996 1395 2054; x_wconf 75' lang='lat' dir='ltr'><strong>ciritasleni·⁴</strong></span> <span class='ocrx_word' id='word_1_177' title='bbox 1442 2000 1564 2070; x_wconf 80' lang='lat' dir='ltr'><strong>ejusdem</strong></span> <span class='ocrx_word' id='word_1_178' title='bbox 1577 1999 1688 2056; x_wconf 90' lang='lat' dir='ltr'><strong>secundi</strong></span> <span class='ocrx_word' id='word_1_179' title='bbox 1715 2000 1840 2055; x_wconf 81' lang='lat' dir='ltr'><strong>suburbii</strong></span> <span class='ocrx_word' id='word_1_180' title='bbox 1863 2010 2049 2070; x_wconf 86' lang='lat' dir='ltr'><strong>accesserunt,</strong></span> <span class='ocrx_word' id='word_1_181' title='bbox 2072 2003 2175 2075; x_wconf 86' lang='lat' dir='ltr'><strong>quibus</strong></span> <span class='ocrx_word' id='word_1_182' title='bbox 2196 2003 2229 2062; x_wconf 87' lang='lat' dir='ltr'><strong>ad</strong></span> 
     </span>
     <span class='ocr_line' id='line_1_16' title="bbox 601 2088 2231 2160; baseline 0.004 -16"><span class='ocrx_word' id='word_1_183' title='bbox 601 2089 688 2145; x_wconf 89' lang='lat' dir='ltr'><strong>salem</strong></span> <span class='ocrx_word' id='word_1_184' title='bbox 703 2105 760 2145; x_wconf 83' lang='lat' dir='ltr'><strong>iiii</strong></span> <span class='ocrx_word' id='word_1_185' title='bbox 774 2104 849 2148; x_wconf 85' lang='lat' dir='ltr'><strong>annu</strong></span> <span class='ocrx_word' id='word_1_186' title='bbox 862 2104 878 2144; x_wconf 92' lang='lat' dir='ltr'><strong>a</strong></span> <span class='ocrx_word' id='word_1_187' title='bbox 894 2089 1022 2160; x_wconf 89' lang='lat' dir='ltr'><strong>passione</strong></span> <span class='ocrx_word' id='word_1_188' title='bbox 1036 2088 1146 2145; x_wconf 84' lang='lat' dir='ltr'><strong>Domini</strong></span> <span class='ocrx_word' id='word_1_189' title='bbox 1158 2089 1246 2145; x_wconf 88' lang='lat' dir='ltr'><strong>nostri</strong></span> <span class='ocrx_word' id='word_1_190' title='bbox 1259 2105 1275 2146; x_wconf 91' lang='lat' dir='ltr'><strong>a</strong></span> <span class='ocrx_word' id='word_1_191' title='bbox 1288 2090 1352 2146; x_wconf 82' lang='lat' dir='ltr'><strong>&#39;lito</strong></span> <span class='ocrx_word' id='word_1_192' title='bbox 1364 2100 1393 2146; x_wconf 91' lang='lat' dir='ltr'><strong>et</strong></span> <span class='ocrx_word' id='word_1_193' title='bbox 1442 2091 1574 2148; x_wconf 87' lang='lat' dir='ltr'><strong>insultum</strong></span> <span class='ocrx_word' id='word_1_194' title='bbox 1589 2092 1763 2157; x_wconf 88' lang='lat' dir='ltr'><strong>instantibus,</strong></span> <span class='ocrx_word' id='word_1_195' title='bbox 1779 2092 1932 2150; x_wconf 72' lang='lat' dir='ltr'><strong>vicecomes</strong></span> <span class='ocrx_word' id='word_1_196' title='bbox 1946 2109 2009 2149; x_wconf 91' lang='lat' dir='ltr'><strong>cuin</strong></span> <span class='ocrx_word' id='word_1_197' title='bbox 2024 2095 2084 2151; x_wconf 88' lang='lat' dir='ltr'><strong>suis</strong></span> <span class='ocrx_word' id='word_1_198' title='bbox 2098 2096 2135 2152; x_wconf 88' lang='lat' dir='ltr'><strong>ita</strong></span> <span class='ocrx_word' id='word_1_199' title='bbox 2150 2111 2181 2152; x_wconf 89' lang='lat' dir='ltr'><strong>se</strong></span> <span class='ocrx_word' id='word_1_200' title='bbox 2190 2096 2231 2151; x_wconf 91' lang='lat' dir='ltr'><strong>ri·</strong></span> 
     </span>
     <span class='ocr_line' id='line_1_17' title="bbox 601 2147 2230 2255; baseline 0.005 -18"><span class='ocrx_word' id='word_1_201' title='bbox 601 2181 772 2254; x_wconf 70' lang='lat' dir='ltr'><strong>Vespasiano</strong></span> <span class='ocrx_word' id='word_1_202' title='bbox 781 2180 833 2240; x_wconf 85' lang='lat' dir='ltr'><strong>luit</strong></span> <span class='ocrx_word' id='word_1_203' title='bbox 843 2181 1040 2248; x_wconf 88' lang='lat' dir='ltr'><strong>destructa,ita</strong></span> <span class='ocrx_word' id='word_1_204' title='bbox 1048 2183 1148 2243; x_wconf 81' lang='lat' dir='ltr'><strong>ciuitas</strong></span> <span class='ocrx_word' id='word_1_205' title='bbox 1158 2181 1323 2240; x_wconf 85' lang='lat' dir='ltr'><strong>Biterrensls</strong></span> <span class='ocrx_word' id='word_1_206' title='bbox 1333 2200 1390 2242; x_wconf 81' lang='lat' dir='ltr'><strong>xiii</strong></span> <span class='ocrx_word' id='word_1_207' title='bbox 1408 2147 1429 2203; x_wconf 59' lang='grc' dir='ltr'><strong><em>Β</em></strong></span> <span class='ocrx_word' id='word_1_208' title='bbox 1444 2185 1530 2239; x_wconf 91' lang='lat' dir='ltr'><strong>rilitcr</strong></span> <span class='ocrx_word' id='word_1_209' title='bbox 1545 2182 1720 2251; x_wconf 75' lang='lat' dir='ltr'><strong>defendebat.</strong></span> <span class='ocrx_word' id='word_1_210' title='bbox 1735 2185 1808 2254; x_wconf 87' lang='lat' dir='ltr'><strong>quod</strong></span> <span class='ocrx_word' id='word_1_211' title='bbox 1823 2199 1856 2238; x_wconf 83' lang='lat' dir='ltr'><strong>es</strong></span> <span class='ocrx_word' id='word_1_212' title='bbox 1870 2182 2005 2255; x_wconf 78' lang='lat' dir='ltr'><strong>frequenti</strong></span> <span class='ocrx_word' id='word_1_213' title='bbox 2022 2196 2051 2243; x_wconf 92' lang='lat' dir='ltr'><strong>et</strong></span> <span class='ocrx_word' id='word_1_214' title='bbox 2062 2187 2230 2245; x_wconf 85' lang='lat' dir='ltr'><strong>ereberrime</strong></span> 
     </span>
     <span class='ocr_line' id='line_1_18' title="bbox 600 2273 2231 2350; baseline 0.005 -21"><span class='ocrx_word' id='word_1_215' title='bbox 600 2288 674 2329; x_wconf 85' lang='lat' dir='ltr'><strong>anno</strong></span> <span class='ocrx_word' id='word_1_216' title='bbox 685 2274 721 2330; x_wconf 87' lang='lat' dir='ltr'><strong>ab</strong></span> <span class='ocrx_word' id='word_1_217' title='bbox 737 2273 932 2332; x_wconf 86' lang='lat' dir='ltr'><strong>interlectione</strong></span> <span class='ocrx_word' id='word_1_218' title='bbox 947 2274 1053 2334; x_wconf 89' lang='lat' dir='ltr'><strong>domini</strong></span> <span class='ocrx_word' id='word_1_219' title='bbox 1075 2274 1119 2332; x_wconf 90' lang='lat' dir='ltr'><strong>sui</strong></span> <span class='ocrx_word' id='word_1_220' title='bbox 1135 2290 1185 2346; x_wconf 90' lang='lat' dir='ltr'><strong>per</strong></span> <span class='ocrx_word' id='word_1_221' title='bbox 1205 2273 1391 2347; x_wconf 75' lang='lat' dir='ltr'><strong>Franciqenas</strong></span> <span class='ocrx_word' id='word_1_222' title='bbox 1439 2279 1516 2349; x_wconf 83' lang='lat' dir='ltr'><strong>jactu</strong></span> <span class='ocrx_word' id='word_1_223' title='bbox 1530 2277 1664 2348; x_wconf 89' lang='lat' dir='ltr'><strong>lapidum,</strong></span> <span class='ocrx_word' id='word_1_224' title='bbox 1680 2289 1790 2334; x_wconf 88' lang='lat' dir='ltr'><strong>nostrus</strong></span> <span class='ocrx_word' id='word_1_225' title='bbox 1813 2294 1829 2334; x_wconf 92' lang='lat' dir='ltr'><strong>a</strong></span> <span class='ocrx_word' id='word_1_226' title='bbox 1844 2277 1949 2336; x_wconf 85' lang='lat' dir='ltr'><strong>lussotu</strong></span> <span class='ocrx_word' id='word_1_227' title='bbox 1973 2280 2047 2350; x_wconf 92' lang='lat' dir='ltr'><strong>quod</strong></span> <span class='ocrx_word' id='word_1_228' title='bbox 2063 2281 2231 2338; x_wconf 83' lang='lat' dir='ltr'><strong>intraverant</strong></span> 
     </span>
     <span class='ocr_line' id='line_1_19' title="bbox 600 2364 2230 2445; baseline 0.006 -25"><span class='ocrx_word' id='word_1_229' title='bbox 600 2374 644 2420; x_wconf 79' lang='lat' dir='ltr'><strong>est</strong></span> <span class='ocrx_word' id='word_1_230' title='bbox 655 2375 773 2421; x_wconf 82' lang='lat' dir='ltr'><strong>uastata.</strong></span> <span class='ocrx_word' id='word_1_231' title='bbox 788 2364 847 2423; x_wconf 89' lang='lat' dir='ltr'><strong>lluc</strong></span> <span class='ocrx_word' id='word_1_232' title='bbox 863 2382 973 2441; x_wconf 76' lang='lat' dir='ltr'><strong>quicquic</strong></span> <span class='ocrx_word' id='word_1_233' title='bbox 985 2381 1040 2422; x_wconf 90' lang='lat' dir='ltr'><strong>iioii</strong></span> <span class='ocrx_word' id='word_1_234' title='bbox 1052 2375 1094 2422; x_wconf 86' lang='lat' dir='ltr'><strong>est</strong></span> <span class='ocrx_word' id='word_1_235' title='bbox 1106 2366 1301 2434; x_wconf 88' lang='lat' dir='ltr'><strong>omittendum,</strong></span> <span class='ocrx_word' id='word_1_236' title='bbox 1317 2367 1391 2438; x_wconf 91' lang='lat' dir='ltr'><strong>quod</strong></span> <span class='ocrx_word' id='word_1_237' title='bbox 1441 2371 1562 2442; x_wconf 88' lang='lat' dir='ltr'><strong>oportuit</strong></span> <span class='ocrx_word' id='word_1_238' title='bbox 1573 2372 1701 2430; x_wconf 80' lang='lat' dir='ltr'><strong>resilire:</strong></span> <span class='ocrx_word' id='word_1_239' title='bbox 1717 2371 1744 2426; x_wconf 94' lang='lat' dir='ltr'><strong>in</strong></span> <span class='ocrx_word' id='word_1_240' title='bbox 1761 2386 1816 2441; x_wconf 91' lang='lat' dir='ltr'><strong>quc</strong></span> <span class='ocrx_word' id='word_1_241' title='bbox 1839 2371 1967 2428; x_wconf 87' lang='lat' dir='ltr'><strong>condictu</strong></span> <span class='ocrx_word' id='word_1_242' title='bbox 1992 2372 2110 2445; x_wconf 70' lang='lat' dir='ltr'><strong>contigit</strong></span> <span class='ocrx_word' id='word_1_243' title='bbox 2134 2389 2230 2445; x_wconf 89' lang='lat' dir='ltr'><strong>quein·</strong></span> 
     </span>
     <span class='ocr_line' id='line_1_20' title="bbox 602 2460 2231 2531; baseline 0.003 -15"><span class='ocrx_word' id='word_1_244' title='bbox 602 2461 750 2531; x_wconf 70' lang='lat' dir='ltr'><strong>saepedicta</strong></span> <span class='ocrx_word' id='word_1_245' title='bbox 776 2460 874 2517; x_wconf 85' lang='lat' dir='ltr'><strong>ciuitas</strong></span> <span class='ocrx_word' id='word_1_246' title='bbox 903 2460 1044 2517; x_wconf 82' lang='lat' dir='ltr'><strong>multoties</strong></span> <span class='ocrx_word' id='word_1_247' title='bbox 1077 2460 1220 2519; x_wconf 83' lang='lat' dir='ltr'><strong>devastata</strong></span> <span class='ocrx_word' id='word_1_248' title='bbox 1257 2460 1341 2516; x_wconf 90' lang='lat' dir='ltr'><strong>luerit</strong></span> <span class='ocrx_word' id='word_1_249' title='bbox 1356 2460 1392 2516; x_wconf 91' lang='lat' dir='ltr'><strong>ob</strong></span> <span class='ocrx_word' id='word_1_250' title='bbox 1441 2464 1505 2521; x_wconf 89' lang='lat' dir='ltr'><strong>darii</strong></span> <span class='ocrx_word' id='word_1_251' title='bbox 1517 2463 1630 2519; x_wconf 90' lang='lat' dir='ltr'><strong>militem</strong></span> <span class='ocrx_word' id='word_1_252' title='bbox 1645 2463 1680 2518; x_wconf 87' lang='lat' dir='ltr'><strong>de</strong></span> <span class='ocrx_word' id='word_1_253' title='bbox 1701 2462 1803 2518; x_wconf 88' lang='lat' dir='ltr'><strong>nostris</strong></span> <span class='ocrx_word' id='word_1_254' title='bbox 1819 2462 1905 2519; x_wconf 88' lang='lat' dir='ltr'><strong>lractu</strong></span> <span class='ocrx_word' id='word_1_255' title='bbox 1919 2478 2001 2520; x_wconf 87' lang='lat' dir='ltr'><strong>crure</strong></span> <span class='ocrx_word' id='word_1_256' title='bbox 2015 2464 2043 2520; x_wconf 94' lang='lat' dir='ltr'><strong>in</strong></span> <span class='ocrx_word' id='word_1_257' title='bbox 2058 2462 2165 2521; x_wconf 86' lang='lat' dir='ltr'><strong>iussatu</strong></span> <span class='ocrx_word' id='word_1_258' title='bbox 2188 2480 2231 2521; x_wconf 89' lang='lat' dir='ltr'><strong>re·</strong></span> 
     </span>
     <span class='ocr_line' id='line_1_21' title="bbox 602 2552 2231 2626; baseline 0.004 -18"><span class='ocrx_word' id='word_1_259' title='bbox 602 2568 715 2609; x_wconf 88' lang='lat' dir='ltr'><strong>eausam</strong></span> <span class='ocrx_word' id='word_1_260' title='bbox 728 2553 854 2624; x_wconf 91' lang='lat' dir='ltr'><strong>superius</strong></span> <span class='ocrx_word' id='word_1_261' title='bbox 868 2562 1069 2619; x_wconf 88' lang='lat' dir='ltr'><strong>memoratam,</strong></span> <span class='ocrx_word' id='word_1_262' title='bbox 1091 2567 1201 2624; x_wconf 88' lang='lat' dir='ltr'><strong>semper</strong></span> <span class='ocrx_word' id='word_1_263' title='bbox 1214 2553 1243 2608; x_wconf 93' lang='lat' dir='ltr'><strong>in</strong></span> <span class='ocrx_word' id='word_1_264' title='bbox 1264 2553 1309 2608; x_wconf 92' lang='lat' dir='ltr'><strong>dic</strong></span> <span class='ocrx_word' id='word_1_265' title='bbox 1330 2552 1392 2611; x_wconf 91' lang='lat' dir='ltr'><strong>lesti</strong></span> <span class='ocrx_word' id='word_1_266' title='bbox 1443 2572 1564 2623; x_wconf 75' lang='lat' dir='ltr'><strong>ocurrere,</strong></span> <span class='ocrx_word' id='word_1_267' title='bbox 1576 2557 1610 2611; x_wconf 90' lang='lat' dir='ltr'><strong>ad</strong></span> <span class='ocrx_word' id='word_1_268' title='bbox 1624 2570 1706 2626; x_wconf 91' lang='lat' dir='ltr'><strong>quem</strong></span> <span class='ocrx_word' id='word_1_269' title='bbox 1724 2556 1924 2612; x_wconf 79' lang='lat' dir='ltr'><strong>extrahendum</strong></span> <span class='ocrx_word' id='word_1_270' title='bbox 1934 2571 1999 2613; x_wconf 88' lang='lat' dir='ltr'><strong>cuni</strong></span> <span class='ocrx_word' id='word_1_271' title='bbox 2013 2557 2108 2614; x_wconf 89' lang='lat' dir='ltr'><strong>nullus</strong></span> <span class='ocrx_word' id='word_1_272' title='bbox 2119 2557 2231 2615; x_wconf 75' lang='lat' dir='ltr'><strong>auderet</strong></span> 
     </span>
     <span class='ocr_line' id='line_1_22' title="bbox 603 2643 2231 2718; baseline 0.002 -18"><span class='ocrx_word' id='word_1_273' title='bbox 603 2643 633 2700; x_wconf 83' lang='lat' dir='ltr'><strong>S.</strong></span> <span class='ocrx_word' id='word_1_274' title='bbox 646 2643 739 2700; x_wconf 74' lang='lat' dir='ltr'><strong>dorin</strong></span> <span class='ocrx_word' id='word_1_275' title='bbox 752 2644 936 2716; x_wconf 72' lang='lat' dir='ltr'><strong>llaqdalenae;</strong></span> <span class='ocrx_word' id='word_1_276' title='bbox 949 2646 977 2700; x_wconf 92' lang='lat' dir='ltr'><strong>in</strong></span> <span class='ocrx_word' id='word_1_277' title='bbox 991 2645 1071 2717; x_wconf 83' lang='lat' dir='ltr'><strong>cujus</strong></span> <span class='ocrx_word' id='word_1_278' title='bbox 1081 2646 1197 2704; x_wconf 89' lang='lat' dir='ltr'><strong>ecelesia</strong></span> <span class='ocrx_word' id='word_1_279' title='bbox 1214 2655 1319 2708; x_wconf 87' lang='lat' dir='ltr'><strong>tanturn</strong></span> <span class='ocrx_word' id='word_1_280' title='bbox 1333 2664 1393 2705; x_wconf 86' lang='lat' dir='ltr'><strong>sce-</strong></span> <span class='ocrx_word' id='word_1_281' title='bbox 1442 2647 1573 2704; x_wconf 88' lang='lat' dir='ltr'><strong>accedere</strong></span> <span class='ocrx_word' id='word_1_282' title='bbox 1598 2656 1707 2718; x_wconf 91' lang='lat' dir='ltr'><strong>propter</strong></span> <span class='ocrx_word' id='word_1_283' title='bbox 1726 2646 1819 2717; x_wconf 83' lang='lat' dir='ltr'><strong>jactus</strong></span> <span class='ocrx_word' id='word_1_284' title='bbox 1837 2645 1958 2716; x_wconf 90' lang='lat' dir='ltr'><strong>lapidum</strong></span> <span class='ocrx_word' id='word_1_285' title='bbox 1984 2646 2166 2715; x_wconf 80' lang='lat' dir='ltr'><strong>incessantes,</strong></span> <span class='ocrx_word' id='word_1_286' title='bbox 2189 2648 2231 2704; x_wconf 90' lang='lat' dir='ltr'><strong>rir</strong></span> 
     </span>
     <span class='ocr_line' id='line_1_23' title="bbox 601 2735 2231 2810; baseline 0.004 -19"><span class='ocrx_word' id='word_1_287' title='bbox 601 2736 645 2792; x_wconf 90' lang='lat' dir='ltr'><strong>lus</strong></span> <span class='ocrx_word' id='word_1_288' title='bbox 669 2745 855 2808; x_wconf 82' lang='lat' dir='ltr'><strong>perpetratum</strong></span> <span class='ocrx_word' id='word_1_289' title='bbox 879 2735 987 2803; x_wconf 89' lang='lat' dir='ltr'><strong>luerat,</strong></span> <span class='ocrx_word' id='word_1_290' title='bbox 1012 2736 1124 2810; x_wconf 77' lang='lat' dir='ltr'><strong>dignam</strong></span> <span class='ocrx_word' id='word_1_291' title='bbox 1147 2739 1249 2809; x_wconf 88' lang='lat' dir='ltr'><strong>recepit</strong></span> <span class='ocrx_word' id='word_1_292' title='bbox 1268 2739 1392 2810; x_wconf 84' lang='lat' dir='ltr'><strong>ejusdem</strong></span> <span class='ocrx_word' id='word_1_293' title='bbox 1442 2739 1674 2809; x_wconf 88' lang='lat' dir='ltr'><strong>totiusprobitatis</strong></span> <span class='ocrx_word' id='word_1_294' title='bbox 1688 2738 1918 2796; x_wconf 82' lang='lat' dir='ltr'><strong>videlicetcontes</strong></span> <span class='ocrx_word' id='word_1_295' title='bbox 1928 2736 2231 2797; x_wconf 75' lang='lat' dir='ltr'><strong>Montis-lertisinies·</strong></span> 
     </span>
     <span class='ocr_line' id='line_1_24' title="bbox 602 2828 2231 2907; baseline -0.001 -19"><span class='ocrx_word' id='word_1_296' title='bbox 602 2831 714 2888; x_wconf 90' lang='lat' dir='ltr'><strong>sceleris</strong></span> <span class='ocrx_word' id='word_1_297' title='bbox 729 2831 872 2886; x_wconf 85' lang='lat' dir='ltr'><strong>ultionem.</strong></span> <span class='ocrx_word' id='word_1_298' title='bbox 1442 2839 1532 2885; x_wconf 86' lang='lat' dir='ltr'><strong>satum</strong></span> <span class='ocrx_word' id='word_1_299' title='bbox 1547 2843 1577 2886; x_wconf 87' lang='lat' dir='ltr'><strong>se</strong></span> <span class='ocrx_word' id='word_1_300' title='bbox 1587 2828 1709 2894; x_wconf 87' lang='lat' dir='ltr'><strong>mitteris,</strong></span> <span class='ocrx_word' id='word_1_301' title='bbox 1723 2828 1813 2899; x_wconf 85' lang='lat' dir='ltr'><strong>ipsum</strong></span> <span class='ocrx_word' id='word_1_302' title='bbox 1826 2829 1909 2884; x_wconf 90' lang='lat' dir='ltr'><strong>unico</strong></span> <span class='ocrx_word' id='word_1_303' title='bbox 1924 2828 2073 2885; x_wconf 79' lang='lat' dir='ltr'><strong>auxiliante</strong></span> <span class='ocrx_word' id='word_1_304' title='bbox 2083 2830 2231 2907; x_wconf 75' lang='lat' dir='ltr'><strong>ariiiiqeru,</strong></span> 
     </span>
     <span class='ocr_line' id='line_1_25' title="bbox 886 2921 2228 2993; baseline -0.001 -13"><span class='ocrx_word' id='word_1_305' title='bbox 886 2921 1004 2980; x_wconf 74' lang='lat' dir='ltr'><strong>esebi</strong></span> <span class='ocrx_word' id='word_1_306' title='bbox 1026 2921 1109 2983; x_wconf 76' lang='lat' dir='ltr'><strong>xill.</strong></span> <span class='ocrx_word' id='word_1_307' title='bbox 1178 2955 1180 2958; x_wconf 92' lang='lat'><em>-</em></span> <span class='ocrx_word' id='word_1_308' title='bbox 1445 2938 1500 2979; x_wconf 90' lang='lat' dir='ltr'><strong>nen</strong></span> <span class='ocrx_word' id='word_1_309' title='bbox 1515 2922 1574 2978; x_wconf 86' lang='lat' dir='ltr'><strong>sine</strong></span> <span class='ocrx_word' id='word_1_310' title='bbox 1588 2922 1683 2993; x_wconf 72' lang='lat' dir='ltr'><strong>prandi</strong></span> <span class='ocrx_word' id='word_1_311' title='bbox 1699 2922 1818 2993; x_wconf 73' lang='lat' dir='ltr'><strong>propriae</strong></span> <span class='ocrx_word' id='word_1_312' title='bbox 1830 2922 1893 2978; x_wconf 73' lang='lat' dir='ltr'><strong>titre</strong></span> <span class='ocrx_word' id='word_1_313' title='bbox 1908 2922 2069 2979; x_wconf 85' lang='lat' dir='ltr'><strong>discrimine</strong></span> <span class='ocrx_word' id='word_1_314' title='bbox 2092 2922 2228 2979; x_wconf 86' lang='lat' dir='ltr'><strong>liberarit.</strong></span> 
     </span>
     <span class='ocr_line' id='line_1_26' title="bbox 601 3013 2231 3088; baseline -0.001 -16"><span class='ocrx_word' id='word_1_315' title='bbox 601 3016 641 3072; x_wconf 77' lang='lat' dir='ltr'><strong>be</strong></span> <span class='ocrx_word' id='word_1_316' title='bbox 655 3016 792 3073; x_wconf 79' lang='lat' dir='ltr'><strong>obsidione</strong></span> <span class='ocrx_word' id='word_1_317' title='bbox 805 3016 878 3071; x_wconf 84' lang='lat' dir='ltr'><strong>urbis</strong></span> <span class='ocrx_word' id='word_1_318' title='bbox 894 3015 1068 3072; x_wconf 84' lang='lat' dir='ltr'><strong>Carcasicnoe</strong></span> <span class='ocrx_word' id='word_1_319' title='bbox 1082 3027 1107 3075; x_wconf 84' lang='lat' dir='ltr'><strong>et</strong></span> <span class='ocrx_word' id='word_1_320' title='bbox 1118 3017 1235 3088; x_wconf 76' lang='lat' dir='ltr'><strong>eiusdem</strong></span> <span class='ocrx_word' id='word_1_321' title='bbox 1248 3020 1391 3084; x_wconf 81' lang='lat' dir='ltr'><strong>deditione,</strong></span> <span class='ocrx_word' id='word_1_322' title='bbox 1442 3015 1550 3084; x_wconf 77' lang='lat' dir='ltr'><strong>Quibus</strong></span> <span class='ocrx_word' id='word_1_323' title='bbox 1564 3016 1660 3087; x_wconf 74' lang='lat' dir='ltr'><strong>gestis,</strong></span> <span class='ocrx_word' id='word_1_324' title='bbox 1673 3015 1761 3072; x_wconf 90' lang='lat' dir='ltr'><strong>nestri</strong></span> <span class='ocrx_word' id='word_1_325' title='bbox 1775 3029 1840 3070; x_wconf 82' lang='lat' dir='ltr'><strong>mur</strong></span> <span class='ocrx_word' id='word_1_326' title='bbox 1858 3013 2001 3071; x_wconf 82' lang='lat' dir='ltr'><strong>machinas</strong></span> <span class='ocrx_word' id='word_1_327' title='bbox 2018 3028 2082 3083; x_wconf 76' lang='lat' dir='ltr'><strong>quoe</strong></span> <span class='ocrx_word' id='word_1_328' title='bbox 2102 3015 2231 3071; x_wconf 86' lang='lat' dir='ltr'><strong>dicuntur</strong></span> 
     </span>
     <span class='ocr_line' id='line_1_27' title="bbox 637 3108 2229 3181; baseline 0 -18"><span class='ocrx_word' id='word_1_329' title='bbox 637 3109 723 3181; x_wconf 84' lang='lat' dir='ltr'><strong>Capta</strong></span> <span class='ocrx_word' id='word_1_330' title='bbox 747 3110 838 3179; x_wconf 85' lang='lat' dir='ltr'><strong>itaque</strong></span> <span class='ocrx_word' id='word_1_331' title='bbox 862 3121 890 3166; x_wconf 90' lang='lat' dir='ltr'><strong>et</strong></span> <span class='ocrx_word' id='word_1_332' title='bbox 914 3109 1053 3165; x_wconf 85' lang='lat' dir='ltr'><strong>destructa</strong></span> <span class='ocrx_word' id='word_1_333' title='bbox 1089 3109 1199 3165; x_wconf 77' lang='lat' dir='ltr'><strong>ciuitate</strong></span> <span class='ocrx_word' id='word_1_334' title='bbox 1225 3109 1391 3177; x_wconf 84' lang='lat' dir='ltr'><strong>biterrensi,</strong></span> <span class='ocrx_word' id='word_1_335' title='bbox 1442 3110 1570 3181; x_wconf 79' lang='lat' dir='ltr'><strong>petrarias</strong></span> <span class='ocrx_word' id='word_1_336' title='bbox 1579 3108 1613 3165; x_wconf 84' lang='lat' dir='ltr'><strong>ad</strong></span> <span class='ocrx_word' id='word_1_337' title='bbox 1625 3108 1790 3169; x_wconf 88' lang='lat' dir='ltr'><strong>diruendum</strong></span> <span class='ocrx_word' id='word_1_338' title='bbox 1801 3124 1912 3164; x_wconf 88' lang='lat' dir='ltr'><strong>murum</strong></span> <span class='ocrx_word' id='word_1_339' title='bbox 1927 3109 2053 3166; x_wconf 90' lang='lat' dir='ltr'><strong>suburbii</strong></span> <span class='ocrx_word' id='word_1_340' title='bbox 2063 3119 2229 3167; x_wconf 79' lang='lat' dir='ltr'><strong>erexerunt:</strong></span> 
     </span>
     <span class='ocr_line' id='line_1_28' title="bbox 602 3199 2230 3273; baseline 0.001 -20"><span class='ocrx_word' id='word_1_341' title='bbox 602 3209 807 3272; x_wconf 87' lang='lat' dir='ltr'><strong>preposuerunt</strong></span> <span class='ocrx_word' id='word_1_342' title='bbox 819 3201 905 3257; x_wconf 88' lang='lat' dir='ltr'><strong>nostri</strong></span> <span class='ocrx_word' id='word_1_343' title='bbox 929 3209 1005 3257; x_wconf 92' lang='lat' dir='ltr'><strong>rcctc</strong></span> <span class='ocrx_word' id='word_1_344' title='bbox 1029 3216 1127 3273; x_wconf 73' lang='lat' dir='ltr'><strong>pressu</strong></span> <span class='ocrx_word' id='word_1_345' title='bbox 1147 3201 1259 3259; x_wconf 89' lang='lat' dir='ltr'><strong>teiidere</strong></span> <span class='ocrx_word' id='word_1_346' title='bbox 1278 3202 1394 3260; x_wconf 85' lang='lat' dir='ltr'><strong>Carcas-</strong></span> <span class='ocrx_word' id='word_1_347' title='bbox 1443 3217 1499 3272; x_wconf 89' lang='lat' dir='ltr'><strong>quo</strong></span> <span class='ocrx_word' id='word_1_348' title='bbox 1512 3199 1804 3269; x_wconf 89' lang='lat' dir='ltr'><strong>murealiquantiilum</strong></span> <span class='ocrx_word' id='word_1_349' title='bbox 1817 3201 1957 3271; x_wconf 75' lang='lat' dir='ltr'><strong>proiectu</strong></span> <span class='ocrx_word' id='word_1_350' title='bbox 1967 3209 2107 3270; x_wconf 88' lang='lat' dir='ltr'><strong>petrarum</strong></span> <span class='ocrx_word' id='word_1_351' title='bbox 2117 3202 2145 3257; x_wconf 93' lang='lat' dir='ltr'><strong>in</strong></span> <span class='ocrx_word' id='word_1_352' title='bbox 2157 3216 2230 3256; x_wconf 88' lang='lat' dir='ltr'><strong>siim·</strong></span> 
     </span>
     <span class='ocr_line' id='line_1_29' title="bbox 602 3292 2230 3369; baseline -0.001 -18"><span class='ocrx_word' id='word_1_353' title='bbox 602 3311 716 3364; x_wconf 86' lang='lat' dir='ltr'><strong>sonam,</strong></span> <span class='ocrx_word' id='word_1_354' title='bbox 731 3297 806 3354; x_wconf 89' lang='lat' dir='ltr'><strong>uires</strong></span> <span class='ocrx_word' id='word_1_355' title='bbox 819 3296 921 3352; x_wconf 89' lang='lat' dir='ltr'><strong>etenim</strong></span> <span class='ocrx_word' id='word_1_356' title='bbox 932 3296 1168 3355; x_wconf 74' lang='lat' dir='ltr'><strong>carcassonenses</strong></span> <span class='ocrx_word' id='word_1_357' title='bbox 1183 3297 1297 3369; x_wconf 85' lang='lat' dir='ltr'><strong>pessimi</strong></span> <span class='ocrx_word' id='word_1_358' title='bbox 1313 3309 1394 3357; x_wconf 78' lang='lat' dir='ltr'><strong>eram</strong></span> <span class='ocrx_word' id='word_1_359' title='bbox 1443 3292 1700 3360; x_wconf 88' lang='lat' dir='ltr'><strong>mitatedebiiitate,</strong></span> <span class='ocrx_word' id='word_1_360' title='bbox 1714 3293 1802 3349; x_wconf 89' lang='lat' dir='ltr'><strong>nostri</strong></span> <span class='ocrx_word' id='word_1_361' title='bbox 1826 3307 1939 3348; x_wconf 86' lang='lat' dir='ltr'><strong>carrum</strong></span> <span class='ocrx_word' id='word_1_362' title='bbox 1961 3302 2082 3362; x_wconf 89' lang='lat' dir='ltr'><strong>quatuor</strong></span> <span class='ocrx_word' id='word_1_363' title='bbox 2107 3304 2230 3352; x_wconf 78' lang='lat' dir='ltr'><strong>rotarum</strong></span> 
     </span>
     <span class='ocr_line' id='line_1_30' title="bbox 603 3382 2230 3461; baseline 0.007 -17"><span class='ocrx_word' id='word_1_364' title='bbox 603 3389 740 3457; x_wconf 73' lang='lat' dir='ltr'><strong>heretici,</strong></span> <span class='ocrx_word' id='word_1_365' title='bbox 757 3399 785 3448; x_wconf 90' lang='lat' dir='ltr'><strong>et</strong></span> <span class='ocrx_word' id='word_1_366' title='bbox 797 3398 954 3453; x_wconf 83' lang='lat' dir='ltr'><strong>peccateres</strong></span> <span class='ocrx_word' id='word_1_367' title='bbox 977 3406 1072 3445; x_wconf 89' lang='lat' dir='ltr'><strong>coram</strong></span> <span class='ocrx_word' id='word_1_368' title='bbox 1086 3389 1204 3446; x_wconf 83' lang='lat' dir='ltr'><strong>liomiiio</strong></span> <span class='ocrx_word' id='word_1_369' title='bbox 1228 3392 1331 3461; x_wconf 90' lang='lat' dir='ltr'><strong>nimis,</strong></span> <span class='ocrx_word' id='word_1_370' title='bbox 1352 3393 1393 3450; x_wconf 91' lang='lat' dir='ltr'><strong>sl·</strong></span> <span class='ocrx_word' id='word_1_371' title='bbox 1443 3384 1553 3442; x_wconf 83' lang='lat' dir='ltr'><strong>bovinis</strong></span> <span class='ocrx_word' id='word_1_372' title='bbox 1567 3382 1685 3455; x_wconf 67' lang='lat' dir='ltr'><strong>pellibus</strong></span> <span class='ocrx_word' id='word_1_373' title='bbox 1699 3394 1871 3455; x_wconf 70' lang='lat' dir='ltr'><strong>0⁰⁰ll0¹²¹¹¹¹b</strong></span> <span class='ocrx_word' id='word_1_374' title='bbox 1888 3398 1950 3440; x_wconf 70' lang='lat'><strong>⁰⁰¹⁰</strong></span> <span class='ocrx_word' id='word_1_375' title='bbox 1972 3383 2092 3439; x_wconf 59' lang='lat' dir='ltr'><strong>”mim</strong></span> <span class='ocrx_word' id='word_1_376' title='bbox 2115 3384 2230 3441; x_wconf 66' lang='lat' dir='ltr'><strong>diffiffll·</strong></span> 
     </span>
     <span class='ocr_line' id='line_1_31' title="bbox 603 3474 2230 3555; baseline 0.002 -20"><span class='ocrx_word' id='word_1_377' title='bbox 603 3480 713 3551; x_wconf 89' lang='lat' dir='ltr'><strong>quidem</strong></span> <span class='ocrx_word' id='word_1_378' title='bbox 727 3480 767 3535; x_wconf 89' lang='lat' dir='ltr'><strong>illi</strong></span> <span class='ocrx_word' id='word_1_379' title='bbox 780 3483 829 3549; x_wconf 76' lang='lat' dir='ltr'><strong>iqui</strong></span> <span class='ocrx_word' id='word_1_380' title='bbox 842 3482 869 3536; x_wconf 92' lang='lat' dir='ltr'><strong>in</strong></span> <span class='ocrx_word' id='word_1_381' title='bbox 882 3483 982 3539; x_wconf 89' lang='lat' dir='ltr'><strong>castris</strong></span> <span class='ocrx_word' id='word_1_382' title='bbox 993 3483 1066 3541; x_wconf 90' lang='lat' dir='ltr'><strong>inter</strong></span> <span class='ocrx_word' id='word_1_383' title='bbox 1081 3483 1211 3555; x_wconf 77' lang='lat' dir='ltr'><strong>biterrim</strong></span> <span class='ocrx_word' id='word_1_384' title='bbox 1233 3494 1261 3542; x_wconf 90' lang='lat' dir='ltr'><strong>et</strong></span> <span class='ocrx_word' id='word_1_385' title='bbox 1275 3484 1393 3542; x_wconf 86' lang='lat' dir='ltr'><strong>Carcas-</strong></span> <span class='ocrx_word' id='word_1_386' title='bbox 1406 3489 1427 3548; x_wconf 86' lang='lat' dir='ltr'><strong>c</strong></span> <span class='ocrx_word' id='word_1_387' title='bbox 1442 3485 1498 3532; x_wconf 64' lang='lat'><strong>1²1⁰</strong></span> <span class='ocrx_word' id='word_1_388' title='bbox 1506 3491 1588 3532; x_wconf 66' lang='lat' dir='ltr'><strong>mum</strong></span> <span class='ocrx_word' id='word_1_389' title='bbox 1598 3475 1777 3547; x_wconf 56' lang='lat' dir='ltr'><strong>idulium·</strong></span> <span class='ocrx_word' id='word_1_390' title='bbox 1789 3475 1823 3530; x_wconf 63' lang='lat' dir='ltr'><strong>ad</strong></span> <span class='ocrx_word' id='word_1_391' title='bbox 1835 3474 1993 3534; x_wconf 61' lang='lat' dir='ltr'><strong>‘odiendum</strong></span> <span class='ocrx_word' id='word_1_392' title='bbox 2018 3492 2130 3532; x_wconf 73' lang='lat' dir='ltr'><strong>murum</strong></span> <span class='ocrx_word' id='word_1_393' title='bbox 2143 3478 2230 3535; x_wconf 68' lang='lat' dir='ltr'><strong>trill-</strong></span> 
     </span>
     <span class='ocr_line' id='line_1_32' title="bbox 603 3567 2229 3648; baseline 0.007 -23"><span class='ocrx_word' id='word_1_394' title='bbox 603 3571 1392 3648; x_wconf 73' lang='lat' dir='ltr'><strong>sonanposiiisnuntiabamtinoreeiercttustngcrint,</strong></span> <span class='ocrx_word' id='word_1_395' title='bbox 1429 3567 1490 3625; x_wconf 81' lang='lat' dir='ltr'><strong>&#39;ces</strong></span> <span class='ocrx_word' id='word_1_396' title='bbox 1516 3568 1716 3627; x_wconf 79' lang='lat' dir='ltr'><strong>submiserim.</strong></span> <span class='ocrx_word' id='word_1_397' title='bbox 1742 3568 1903 3630; x_wconf 76' lang='lat' dir='ltr'><strong>Adversarii</strong></span> <span class='ocrx_word' id='word_1_398' title='bbox 1931 3582 1997 3624; x_wconf 77' lang='lat' dir='ltr'><strong>iero</strong></span> <span class='ocrx_word' id='word_1_399' title='bbox 2019 3568 2122 3639; x_wconf 66' lang='lat' dir='ltr'><strong>ignem,</strong></span> <span class='ocrx_word' id='word_1_400' title='bbox 2146 3570 2229 3643; x_wconf 79' lang='lat' dir='ltr'><strong>tigna,</strong></span> 
     </span>
     <span class='ocr_line' id='line_1_33' title="bbox 603 3659 2230 3739; baseline 0 -21"><span class='ocrx_word' id='word_1_401' title='bbox 603 3671 694 3719; x_wconf 87' lang='lat' dir='ltr'><strong>eastra</strong></span> <span class='ocrx_word' id='word_1_402' title='bbox 710 3679 760 3720; x_wconf 87' lang='lat' dir='ltr'><strong>sua</strong></span> <span class='ocrx_word' id='word_1_403' title='bbox 775 3679 861 3722; x_wconf 80' lang='lat' dir='ltr'><strong>uacua</strong></span> <span class='ocrx_word' id='word_1_404' title='bbox 873 3664 1083 3736; x_wconf 88' lang='lat' dir='ltr'><strong>relinquentes;</strong></span> <span class='ocrx_word' id='word_1_405' title='bbox 1107 3667 1220 3738; x_wconf 89' lang='lat' dir='ltr'><strong>quidam</strong></span> <span class='ocrx_word' id='word_1_406' title='bbox 1236 3676 1328 3723; x_wconf 88' lang='lat' dir='ltr'><strong>tamen</strong></span> <span class='ocrx_word' id='word_1_407' title='bbox 1345 3667 1392 3739; x_wconf 88' lang='lat' dir='ltr'><strong>qui</strong></span> <span class='ocrx_word' id='word_1_408' title='bbox 1443 3661 1549 3733; x_wconf 89' lang='lat' dir='ltr'><strong>lapides</strong></span> <span class='ocrx_word' id='word_1_409' title='bbox 1564 3660 1742 3731; x_wconf 79' lang='lat' dir='ltr'><strong>projicientes</strong></span> <span class='ocrx_word' id='word_1_410' title='bbox 1764 3659 1976 3727; x_wconf 75' lang='lat' dir='ltr'><strong>instantissime,</strong></span> <span class='ocrx_word' id='word_1_411' title='bbox 1999 3660 2090 3730; x_wconf 90' lang='lat' dir='ltr'><strong>ipsum</strong></span> <span class='ocrx_word' id='word_1_412' title='bbox 2120 3677 2230 3718; x_wconf 82' lang='lat' dir='ltr'><strong>carrum</strong></span> 
     </span>
     <span class='ocr_line' id='line_1_34' title="bbox 603 3753 2230 3829; baseline 0.004 -21"><span class='ocrx_word' id='word_1_413' title='bbox 603 3768 661 3808; x_wconf 88' lang='lat' dir='ltr'><strong>nun</strong></span> <span class='ocrx_word' id='word_1_414' title='bbox 673 3755 887 3814; x_wconf 80' lang='lat' dir='ltr'><strong>rccabaiitures</strong></span> <span class='ocrx_word' id='word_1_415' title='bbox 903 3756 1029 3814; x_wconf 69' lang='lat' dir='ltr'><strong>baeretici</strong></span> <span class='ocrx_word' id='word_1_416' title='bbox 1049 3760 1202 3829; x_wconf 81' lang='lat' dir='ltr'><strong>pravitate,</strong></span> <span class='ocrx_word' id='word_1_417' title='bbox 1216 3760 1394 3817; x_wconf 87' lang='lat' dir='ltr'><strong>reddiderunt</strong></span> <span class='ocrx_word' id='word_1_418' title='bbox 1443 3756 1535 3812; x_wconf 90' lang='lat' dir='ltr'><strong>statim</strong></span> <span class='ocrx_word' id='word_1_419' title='bbox 1548 3755 1785 3821; x_wconf 87' lang='lat' dir='ltr'><strong>comniinuerunt;</strong></span> <span class='ocrx_word' id='word_1_420' title='bbox 1800 3753 1954 3812; x_wconf 83' lang='lat' dir='ltr'><strong>fossoribus</strong></span> <span class='ocrx_word' id='word_1_421' title='bbox 1970 3766 2062 3812; x_wconf 88' lang='lat' dir='ltr'><strong>tamen</strong></span> <span class='ocrx_word' id='word_1_422' title='bbox 2087 3757 2116 3813; x_wconf 90' lang='lat' dir='ltr'><strong>in</strong></span> <span class='ocrx_word' id='word_1_423' title='bbox 2130 3772 2230 3815; x_wconf 72' lang='lat' dir='ltr'><strong>cunm·</strong></span> 
     </span>
     <span class='ocr_line' id='line_1_35' title="bbox 605 3846 2230 3923; baseline 0.007 -22"><span class='ocrx_word' id='word_1_424' title='bbox 605 3859 636 3901; x_wconf 90' lang='lat' dir='ltr'><strong>se</strong></span> <span class='ocrx_word' id='word_1_425' title='bbox 647 3847 760 3902; x_wconf 90' lang='lat' dir='ltr'><strong>nostris.</strong></span> <span class='ocrx_word' id='word_1_426' title='bbox 774 3846 896 3903; x_wconf 80' lang='lat' dir='ltr'><strong>Audiens</strong></span> <span class='ocrx_word' id='word_1_427' title='bbox 907 3859 999 3904; x_wconf 91' lang='lat' dir='ltr'><strong>autem</strong></span> <span class='ocrx_word' id='word_1_428' title='bbox 1010 3850 1166 3908; x_wconf 83' lang='lat' dir='ltr'><strong>vicecomes</strong></span> <span class='ocrx_word' id='word_1_429' title='bbox 1176 3852 1248 3923; x_wconf 92' lang='lat' dir='ltr'><strong>qnod</strong></span> <span class='ocrx_word' id='word_1_430' title='bbox 1261 3853 1347 3909; x_wconf 89' lang='lat' dir='ltr'><strong>nestri</strong></span> <span class='ocrx_word' id='word_1_431' title='bbox 1358 3853 1393 3911; x_wconf 85' lang='lat' dir='ltr'><strong>sd</strong></span> <span class='ocrx_word' id='word_1_432' title='bbox 1443 3850 1527 3904; x_wconf 85' lang='lat' dir='ltr'><strong>ritate</strong></span> <span class='ocrx_word' id='word_1_433' title='bbox 1542 3848 1613 3903; x_wconf 74' lang='lat' dir='ltr'><strong>muri</strong></span> <span class='ocrx_word' id='word_1_434' title='bbox 1627 3849 1685 3918; x_wconf 63' lang='lat' dir='ltr'><strong>ism</strong></span> <span class='ocrx_word' id='word_1_435' title='bbox 1700 3846 1771 3903; x_wconf 67' lang='lat'><strong>[²0¹¹</strong></span> <span class='ocrx_word' id='word_1_436' title='bbox 1784 3862 1814 3903; x_wconf 76' lang='lat'><strong>⁸0</strong></span> <span class='ocrx_word' id='word_1_437' title='bbox 1828 3847 2037 3919; x_wconf 59' lang='lat' dir='ltr'><strong>recipientibus.</strong></span> <span class='ocrx_word' id='word_1_438' title='bbox 2059 3864 2132 3921; x_wconf 74' lang='lat'><strong>(1⁰⁰8</strong></span> <span class='ocrx_word' id='word_1_439' title='bbox 2156 3851 2230 3906; x_wconf 86' lang='lat' dir='ltr'><strong>nullo</strong></span> 
     </span>
     <span class='ocr_line' id='line_1_36' title="bbox 605 3938 2230 4017; baseline 0.001 -20"><span class='ocrx_word' id='word_1_440' title='bbox 605 3942 784 4002; x_wconf 88' lang='lat' dir='ltr'><strong>obsidendam</strong></span> <span class='ocrx_word' id='word_1_441' title='bbox 801 3942 943 3998; x_wconf 90' lang='lat' dir='ltr'><strong>tenderent</strong></span> <span class='ocrx_word' id='word_1_442' title='bbox 961 3942 1175 4012; x_wconf 86' lang='lat' dir='ltr'><strong>Careasscoam,</strong></span> <span class='ocrx_word' id='word_1_443' title='bbox 1195 3945 1297 4002; x_wconf 89' lang='lat' dir='ltr'><strong>milites</strong></span> <span class='ocrx_word' id='word_1_444' title='bbox 1309 3962 1394 4017; x_wconf 88' lang='lat' dir='ltr'><strong>quos-</strong></span> <span class='ocrx_word' id='word_1_445' title='bbox 1442 3941 1552 3998; x_wconf 83' lang='lat' dir='ltr'><strong>inudea</strong></span> <span class='ocrx_word' id='word_1_446' title='bbox 1566 3938 1750 4012; x_wconf 86' lang='lat' dir='ltr'><strong>perieratiune</strong></span> <span class='ocrx_word' id='word_1_447' title='bbox 1760 3939 1831 3994; x_wconf 93' lang='lat' dir='ltr'><strong>muri</strong></span> <span class='ocrx_word' id='word_1_448' title='bbox 1842 3949 1990 4011; x_wconf 89' lang='lat' dir='ltr'><strong>potuerunt</strong></span> <span class='ocrx_word' id='word_1_449' title='bbox 2003 3942 2230 4012; x_wconf 79' lang='lat' dir='ltr'><strong>retardarc.0uid</strong></span> 
     </span>
     <span class='ocr_line' id='line_1_37' title="bbox 606 4034 2231 4110; baseline 0.002 -20"><span class='ocrx_word' id='word_1_450' title='bbox 606 4049 715 4104; x_wconf 89' lang='lat' dir='ltr'><strong>cunque</strong></span> <span class='ocrx_word' id='word_1_451' title='bbox 735 4036 825 4105; x_wconf 88' lang='lat' dir='ltr'><strong>potuit</strong></span> <span class='ocrx_word' id='word_1_452' title='bbox 846 4036 988 4102; x_wconf 76' lang='lat' dir='ltr'><strong>adunavit,</strong></span> <span class='ocrx_word' id='word_1_453' title='bbox 1005 4051 1089 4108; x_wconf 88' lang='lat' dir='ltr'><strong>seque</strong></span> <span class='ocrx_word' id='word_1_454' title='bbox 1103 4051 1166 4093; x_wconf 88' lang='lat' dir='ltr'><strong>eum</strong></span> <span class='ocrx_word' id='word_1_455' title='bbox 1184 4037 1225 4094; x_wconf 86' lang='lat' dir='ltr'><strong>eis</strong></span> <span class='ocrx_word' id='word_1_456' title='bbox 1237 4038 1264 4094; x_wconf 93' lang='lat' dir='ltr'><strong>in</strong></span> <span class='ocrx_word' id='word_1_457' title='bbox 1278 4039 1395 4096; x_wconf 85' lang='lat' dir='ltr'><strong>carcas-</strong></span> <span class='ocrx_word' id='word_1_458' title='bbox 1444 4037 1542 4110; x_wconf 84' lang='lat' dir='ltr'><strong>plura?</strong></span> <span class='ocrx_word' id='word_1_459' title='bbox 1555 4035 1584 4091; x_wconf 92' lang='lat' dir='ltr'><strong>lii</strong></span> <span class='ocrx_word' id='word_1_460' title='bbox 1598 4036 1722 4092; x_wconf 88' lang='lat' dir='ltr'><strong>crastino</strong></span> <span class='ocrx_word' id='word_1_461' title='bbox 1733 4051 1842 4090; x_wconf 89' lang='lat' dir='ltr'><strong>sunimc</strong></span> <span class='ocrx_word' id='word_1_462' title='bbox 1852 4034 1985 4100; x_wconf 88' lang='lat' dir='ltr'><strong>diluculo,</strong></span> <span class='ocrx_word' id='word_1_463' title='bbox 1998 4035 2231 4095; x_wconf 87' lang='lat' dir='ltr'><strong>siiliususeorruit</strong></span> 
     </span>
     <span class='ocr_line' id='line_1_38' title="bbox 603 4126 2230 4200; baseline 0.002 -17"><span class='ocrx_word' id='word_1_464' title='bbox 603 4141 704 4183; x_wconf 86' lang='lat' dir='ltr'><strong>sunam</strong></span> <span class='ocrx_word' id='word_1_465' title='bbox 718 4128 874 4197; x_wconf 86' lang='lat' dir='ltr'><strong>recipiens,</strong></span> <span class='ocrx_word' id='word_1_466' title='bbox 889 4131 1054 4199; x_wconf 80' lang='lat' dir='ltr'><strong>praeparanti</strong></span> <span class='ocrx_word' id='word_1_467' title='bbox 1074 4147 1104 4186; x_wconf 91' lang='lat' dir='ltr'><strong>sc</strong></span> <span class='ocrx_word' id='word_1_468' title='bbox 1124 4141 1155 4186; x_wconf 93' lang='lat' dir='ltr'><strong>ut</strong></span> <span class='ocrx_word' id='word_1_469' title='bbox 1171 4141 1268 4188; x_wconf 87' lang='lat' dir='ltr'><strong>ceittra</strong></span> <span class='ocrx_word' id='word_1_470' title='bbox 1282 4142 1393 4191; x_wconf 88' lang='lat' dir='ltr'><strong>nostros</strong></span> <span class='ocrx_word' id='word_1_471' title='bbox 1445 4145 1552 4197; x_wconf 84' lang='lat' dir='ltr'><strong>murus,</strong></span> <span class='ocrx_word' id='word_1_472' title='bbox 1564 4143 1629 4183; x_wconf 87' lang='lat' dir='ltr'><strong>mox</strong></span> <span class='ocrx_word' id='word_1_473' title='bbox 1644 4128 1747 4184; x_wconf 90' lang='lat' dir='ltr'><strong>nostris</strong></span> <span class='ocrx_word' id='word_1_474' title='bbox 1758 4143 1821 4183; x_wconf 91' lang='lat' dir='ltr'><strong>cum</strong></span> <span class='ocrx_word' id='word_1_475' title='bbox 1845 4127 1959 4197; x_wconf 86' lang='lat' dir='ltr'><strong>strepitu</strong></span> <span class='ocrx_word' id='word_1_476' title='bbox 1983 4126 2166 4200; x_wconf 77' lang='lat' dir='ltr'><strong>intrantibus,</strong></span> <span class='ocrx_word' id='word_1_477' title='bbox 2184 4132 2230 4187; x_wconf 89' lang='lat' dir='ltr'><strong>ad·</strong></span> 
     </span>
     <span class='ocr_line' id='line_1_39' title="bbox 605 4218 2228 4294; baseline 0.002 -20"><span class='ocrx_word' id='word_1_478' title='bbox 605 4218 765 4275; x_wconf 85' lang='lat' dir='ltr'><strong>deleuderet</strong></span> <span class='ocrx_word' id='word_1_479' title='bbox 776 4220 925 4276; x_wconf 76' lang='lat' dir='ltr'><strong>cii-tisicus.</strong></span> <span class='ocrx_word' id='word_1_480' title='bbox 938 4219 993 4277; x_wconf 85' lang='lat' dir='ltr'><strong>Nec</strong></span> <span class='ocrx_word' id='word_1_481' title='bbox 1008 4221 1143 4280; x_wconf 90' lang='lat' dir='ltr'><strong>silendum</strong></span> <span class='ocrx_word' id='word_1_482' title='bbox 1155 4224 1229 4294; x_wconf 89' lang='lat' dir='ltr'><strong>quoil</strong></span> <span class='ocrx_word' id='word_1_483' title='bbox 1239 4225 1314 4281; x_wconf 81' lang='lat' dir='ltr'><strong>eires</strong></span> <span class='ocrx_word' id='word_1_484' title='bbox 1327 4225 1394 4281; x_wconf 84' lang='lat' dir='ltr'><strong>Car·</strong></span> <span class='ocrx_word' id='word_1_485' title='bbox 1445 4220 1559 4277; x_wconf 83' lang='lat' dir='ltr'><strong>iersniii</strong></span> <span class='ocrx_word' id='word_1_486' title='bbox 1575 4235 1636 4276; x_wconf 85' lang='lat' dir='ltr'><strong>sese</strong></span> <span class='ocrx_word' id='word_1_487' title='bbox 1649 4220 1676 4274; x_wconf 93' lang='lat' dir='ltr'><strong>iii</strong></span> <span class='ocrx_word' id='word_1_488' title='bbox 1695 4219 1836 4289; x_wconf 88' lang='lat' dir='ltr'><strong>superiora</strong></span> <span class='ocrx_word' id='word_1_489' title='bbox 1865 4218 1985 4274; x_wconf 81' lang='lat' dir='ltr'><strong>ciuitatis</strong></span> <span class='ocrx_word' id='word_1_490' title='bbox 2008 4220 2228 4290; x_wconf 86' lang='lat' dir='ltr'><strong>transtuleruut;</strong></span> 
     </span>
     <span class='ocr_line' id='line_1_40' title="bbox 606 4310 2229 4382; baseline 0.001 -16"><span class='ocrx_word' id='word_1_491' title='bbox 606 4325 788 4366; x_wconf 82' lang='lat' dir='ltr'><strong>sessonenscs</strong></span> <span class='ocrx_word' id='word_1_492' title='bbox 807 4311 918 4381; x_wconf 75' lang='lat' dir='ltr'><strong>pessimi</strong></span> <span class='ocrx_word' id='word_1_493' title='bbox 944 4320 972 4367; x_wconf 91' lang='lat' dir='ltr'><strong>ct</strong></span> <span class='ocrx_word' id='word_1_494' title='bbox 996 4312 1139 4376; x_wconf 86' lang='lat' dir='ltr'><strong>iulideles.</strong></span> <span class='ocrx_word' id='word_1_495' title='bbox 1161 4312 1338 4375; x_wconf 80' lang='lat' dir='ltr'><strong>refectorium</strong></span> <span class='ocrx_word' id='word_1_496' title='bbox 1367 4325 1395 4371; x_wconf 90' lang='lat' dir='ltr'><strong>et</strong></span> <span class='ocrx_word' id='word_1_497' title='bbox 1444 4313 1491 4369; x_wconf 88' lang='lat' dir='ltr'><strong>sed</strong></span> <span class='ocrx_word' id='word_1_498' title='bbox 1507 4323 1599 4382; x_wconf 88' lang='lat' dir='ltr'><strong>postea</strong></span> <span class='ocrx_word' id='word_1_499' title='bbox 1615 4311 1740 4366; x_wconf 87' lang='lat' dir='ltr'><strong>uidentes</strong></span> <span class='ocrx_word' id='word_1_500' title='bbox 1754 4310 1855 4366; x_wconf 81' lang='lat' dir='ltr'><strong>milites</strong></span> <span class='ocrx_word' id='word_1_501' title='bbox 1868 4318 1980 4367; x_wconf 87' lang='lat' dir='ltr'><strong>nostrus</strong></span> <span class='ocrx_word' id='word_1_502' title='bbox 2003 4310 2229 4370; x_wconf 82' lang='lat' dir='ltr'><strong>exisseasubur-</strong></span> 
     </span>
     <span class='ocr_line' id='line_1_41' title="bbox 606 4401 2230 4478; baseline 0 -18"><span class='ocrx_word' id='word_1_503' title='bbox 606 4405 747 4460; x_wconf 84' lang='lat' dir='ltr'><strong>cellarium</strong></span> <span class='ocrx_word' id='word_1_504' title='bbox 760 4404 957 4461; x_wconf 76' lang='lat' dir='ltr'><strong>crotonicorum</strong></span> <span class='ocrx_word' id='word_1_505' title='bbox 969 4403 1245 4472; x_wconf 84' lang='lat' dir='ltr'><strong>Carcassonensium,</strong></span> <span class='ocrx_word' id='word_1_506' title='bbox 1256 4408 1303 4478; x_wconf 92' lang='lat' dir='ltr'><strong>qui</strong></span> <span class='ocrx_word' id='word_1_507' title='bbox 1315 4416 1395 4464; x_wconf 90' lang='lat' dir='ltr'><strong>erant</strong></span> <span class='ocrx_word' id='word_1_508' title='bbox 1444 4405 1501 4469; x_wconf 83' lang='lat' dir='ltr'><strong>bio,</strong></span> <span class='ocrx_word' id='word_1_509' title='bbox 1515 4412 1542 4458; x_wconf 90' lang='lat' dir='ltr'><strong>et</strong></span> <span class='ocrx_word' id='word_1_510' title='bbox 1556 4418 1586 4458; x_wconf 86' lang='lat' dir='ltr'><strong>se</strong></span> <span class='ocrx_word' id='word_1_511' title='bbox 1600 4403 1627 4459; x_wconf 91' lang='lat' dir='ltr'><strong>in</strong></span> <span class='ocrx_word' id='word_1_512' title='bbox 1639 4402 1754 4460; x_wconf 89' lang='lat' dir='ltr'><strong>tentoria</strong></span> <span class='ocrx_word' id='word_1_513' title='bbox 1765 4401 1914 4472; x_wconf 86' lang='lat' dir='ltr'><strong>recepisse,</strong></span> <span class='ocrx_word' id='word_1_514' title='bbox 1929 4411 2062 4459; x_wconf 86' lang='lat' dir='ltr'><strong>ereitntes</strong></span> <span class='ocrx_word' id='word_1_515' title='bbox 2075 4403 2111 4460; x_wconf 84' lang='lat' dir='ltr'><strong>de</strong></span> <span class='ocrx_word' id='word_1_516' title='bbox 2120 4404 2230 4460; x_wconf 79' lang='lat' dir='ltr'><strong>civitate</strong></span> 
     </span>
     <span class='ocr_line' id='line_1_42' title="bbox 606 4491 2228 4572; baseline 0.006 -22"><span class='ocrx_word' id='word_1_517' title='bbox 606 4495 731 4551; x_wconf 90' lang='lat' dir='ltr'><strong>canonici</strong></span> <span class='ocrx_word' id='word_1_518' title='bbox 744 4495 896 4566; x_wconf 77' lang='lat' dir='ltr'><strong>reqiilores,</strong></span> <span class='ocrx_word' id='word_1_519' title='bbox 910 4496 968 4566; x_wconf 90' lang='lat' dir='ltr'><strong>ipsa</strong></span> <span class='ocrx_word' id='word_1_520' title='bbox 981 4497 1064 4555; x_wconf 88' lang='lat' dir='ltr'><strong>etiant</strong></span> <span class='ocrx_word' id='word_1_521' title='bbox 1080 4499 1159 4555; x_wconf 83' lang='lat' dir='ltr'><strong>stalla</strong></span> <span class='ocrx_word' id='word_1_522' title='bbox 1172 4499 1307 4568; x_wconf 66' lang='lat' dir='ltr'><strong>ecclesiae,</strong></span> <span class='ocrx_word' id='word_1_523' title='bbox 1320 4502 1393 4572; x_wconf 91' lang='lat' dir='ltr'><strong>quoil</strong></span> <span class='ocrx_word' id='word_1_524' title='bbox 1444 4503 1580 4566; x_wconf 76' lang='lat' dir='ltr'><strong>u¹¹⁰lti⁰⁰l</strong></span> <span class='ocrx_word' id='word_1_525' title='bbox 1592 4494 1628 4550; x_wconf 78' lang='lat'><strong>(¹⁰</strong></span> <span class='ocrx_word' id='word_1_526' title='bbox 1638 4494 1741 4549; x_wconf 63' lang='grc' dir='ltr'><strong>ηθῦῑῐῑῦ</strong></span> <span class='ocrx_word' id='word_1_527' title='bbox 1754 4494 1781 4548; x_wconf 73' lang='grc' dir='ltr'><strong>ῖῐῐ</strong></span> <span class='ocrx_word' id='word_1_528' title='bbox 1796 4492 1939 4559; x_wconf 60' lang='lat' dir='ltr'><strong>suburbii).</strong></span> <span class='ocrx_word' id='word_1_529' title='bbox 1953 4491 2115 4564; x_wconf 61' lang='lat' dir='ltr'><strong>effuttiblt&#39;ss·</strong></span> <span class='ocrx_word' id='word_1_530' title='bbox 2140 4494 2228 4552; x_wconf 69' lang='lat' dir='ltr'><strong>Pluri-</strong></span> 
     </span>
     <span class='ocr_line' id='line_1_43' title="bbox 606 4583 2230 4654; baseline -0.001 -9"><span class='ocrx_word' id='word_1_531' title='bbox 606 4587 803 4645; x_wconf 83' lang='lat' dir='ltr'><strong>exsecrabilius</strong></span> <span class='ocrx_word' id='word_1_532' title='bbox 818 4598 877 4654; x_wconf 90' lang='lat' dir='ltr'><strong>est,</strong></span> <span class='ocrx_word' id='word_1_533' title='bbox 895 4589 1110 4651; x_wconf 84' lang='lat' dir='ltr'><strong>destruxerunt.</strong></span> <span class='ocrx_word' id='word_1_534' title='bbox 1129 4601 1161 4650; x_wconf 87' lang='lat' dir='ltr'><strong>ut</strong></span> <span class='ocrx_word' id='word_1_535' title='bbox 1180 4607 1274 4650; x_wconf 90' lang='lat' dir='ltr'><strong>murus</strong></span> <span class='ocrx_word' id='word_1_536' title='bbox 1298 4595 1395 4651; x_wconf 85' lang='lat' dir='ltr'><strong>civita·</strong></span> <span class='ocrx_word' id='word_1_537' title='bbox 1444 4587 1497 4646; x_wconf 84' lang='lat' dir='ltr'><strong>bus</strong></span> <span class='ocrx_word' id='word_1_538' title='bbox 1511 4587 1638 4641; x_wconf 88' lang='lat' dir='ltr'><strong>etiamde</strong></span> <span class='ocrx_word' id='word_1_539' title='bbox 1650 4583 2094 4654; x_wconf 82' lang='lat' dir='ltr'><strong>nostrispraedidlcultate-exitus</strong></span> <span class='ocrx_word' id='word_1_540' title='bbox 2119 4586 2230 4643; x_wconf 86' lang='lat' dir='ltr'><strong>interle-</strong></span> 
     </span>
     <span class='ocr_line' id='line_1_44' title="bbox 608 4673 2227 4750; baseline 0.002 -13"><span class='ocrx_word' id='word_1_541' title='bbox 608 4682 643 4737; x_wconf 90' lang='lat' dir='ltr'><strong>tis</strong></span> <span class='ocrx_word' id='word_1_542' title='bbox 656 4681 720 4736; x_wconf 90' lang='lat' dir='ltr'><strong>inde</strong></span> <span class='ocrx_word' id='word_1_543' title='bbox 733 4679 881 4737; x_wconf 86' lang='lat' dir='ltr'><strong>munirent.</strong></span> <span class='ocrx_word' id='word_1_544' title='bbox 902 4680 924 4734; x_wconf 89' lang='lat'>0</span> <span class='ocrx_word' id='word_1_545' title='bbox 947 4680 1092 4750; x_wconf 90' lang='lat' dir='ltr'><strong>prolanum</strong></span> <span class='ocrx_word' id='word_1_546' title='bbox 1118 4683 1280 4740; x_wconf 88' lang='lat' dir='ltr'><strong>eonsilium!</strong></span> <span class='ocrx_word' id='word_1_547' title='bbox 1297 4683 1395 4741; x_wconf 83' lang='lat' dir='ltr'><strong>iliiiu·</strong></span> <span class='ocrx_word' id='word_1_548' title='bbox 1444 4676 1513 4739; x_wconf 67' lang='lat'><strong>015⁸·</strong></span> <span class='ocrx_word' id='word_1_549' title='bbox 1527 4673 1556 4728; x_wconf 72' lang='grc' dir='ltr'><strong>ἱῐῑ</strong></span> <span class='ocrx_word' id='word_1_550' title='bbox 1568 4682 1625 4729; x_wconf 75' lang='grc' dir='ltr'><strong>ῑθῑθ</strong></span> <span class='ocrx_word' id='word_1_551' title='bbox 1638 4674 1772 4729; x_wconf 62' lang='lat' dir='ltr'><strong>mimihilt</strong></span> <span class='ocrx_word' id='word_1_552' title='bbox 1787 4674 1877 4746; x_wconf 60' lang='lat' dir='ltr'><strong>iidem</strong></span> <span class='ocrx_word' id='word_1_553' title='bbox 1897 4674 2023 4742; x_wconf 63' lang='lat' dir='ltr'><strong>millum»</strong></span> <span class='ocrx_word' id='word_1_554' title='bbox 2044 4690 2107 4732; x_wconf 65' lang='lat'><strong>⁸2⁸0</strong></span> <span class='ocrx_word' id='word_1_555' title='bbox 2131 4677 2227 4733; x_wconf 63' lang='lat' dir='ltr'><strong>ilerum</strong></span> 
     </span>
     <span class='ocr_line' id='line_1_45' title="bbox 606 4767 1870 4838; baseline -0.003 -12"><span class='ocrx_word' id='word_1_556' title='bbox 606 4772 676 4827; x_wconf 93' lang='lat' dir='ltr'><strong>nitio</strong></span> <span class='ocrx_word' id='word_1_557' title='bbox 700 4770 844 4825; x_wconf 90' lang='lat' dir='ltr'><strong>immunita</strong></span> <span class='ocrx_word' id='word_1_558' title='bbox 873 4784 935 4838; x_wconf 82' lang='lat' dir='ltr'><strong>quae</strong></span> <span class='ocrx_word' id='word_1_559' title='bbox 959 4784 1039 4824; x_wconf 87' lang='lat' dir='ltr'><strong>sacra</strong></span> <span class='ocrx_word' id='word_1_560' title='bbox 1065 4770 1258 4838; x_wconf 87' lang='lat' dir='ltr'><strong>immunitate,</strong></span> <span class='ocrx_word' id='word_1_561' title='bbox 1294 4772 1393 4829; x_wconf 90' lang='lat' dir='ltr'><strong>dumus</strong></span> <span class='ocrx_word' id='word_1_562' title='bbox 1446 4768 1479 4822; x_wconf 92' lang='lat' dir='ltr'><strong>ad</strong></span> <span class='ocrx_word' id='word_1_563' title='bbox 1490 4767 1631 4838; x_wconf 86' lang='lat' dir='ltr'><strong>superiora</strong></span> <span class='ocrx_word' id='word_1_564' title='bbox 1647 4775 1828 4835; x_wconf 90' lang='lat' dir='ltr'><strong>reportantes.</strong></span> <span class='ocrx_word' id='word_1_565' title='bbox 1859 4779 1870 4818; x_wconf 72' lang='grc'><strong>,’</strong></span> 
     </span>
     <span class='ocr_line' id='line_1_46' title="bbox 606 4835 2228 4934; baseline 0 -14"><span class='ocrx_word' id='word_1_566' title='bbox 606 4862 655 4920; x_wconf 81' lang='lat' dir='ltr'><strong>bei</strong></span> <span class='ocrx_word' id='word_1_567' title='bbox 683 4860 813 4916; x_wconf 83' lang='lat' dir='ltr'><strong>inuiolata</strong></span> <span class='ocrx_word' id='word_1_568' title='bbox 843 4867 872 4915; x_wconf 89' lang='lat' dir='ltr'><strong>et</strong></span> <span class='ocrx_word' id='word_1_569' title='bbox 894 4859 1036 4916; x_wconf 89' lang='lat' dir='ltr'><strong>destructa</strong></span> <span class='ocrx_word' id='word_1_570' title='bbox 1060 4863 1230 4919; x_wconf 88' lang='lat' dir='ltr'><strong>construitur</strong></span> <span class='ocrx_word' id='word_1_571' title='bbox 1262 4879 1312 4934; x_wconf 93' lang='lat' dir='ltr'><strong>per</strong></span> <span class='ocrx_word' id='word_1_572' title='bbox 1334 4835 1431 4920; x_wconf 67' lang='grc' dir='ltr'><strong>1]ωοῦ</strong></span> <span class='ocrx_word' id='word_1_573' title='bbox 1478 4859 1661 4929; x_wconf 76' lang='lat' dir='ltr'><strong>Continqebat</strong></span> <span class='ocrx_word' id='word_1_574' title='bbox 1671 4859 1699 4915; x_wconf 91' lang='lat' dir='ltr'><strong>io</strong></span> <span class='ocrx_word' id='word_1_575' title='bbox 1714 4860 1759 4914; x_wconf 84' lang='lat' dir='ltr'><strong>illa</strong></span> <span class='ocrx_word' id='word_1_576' title='bbox 1775 4859 1918 4916; x_wconf 87' lang='lat' dir='ltr'><strong>obsidione</strong></span> <span class='ocrx_word' id='word_1_577' title='bbox 1929 4859 2079 4930; x_wconf 89' lang='lat' dir='ltr'><strong>quoddam,</strong></span> <span class='ocrx_word' id='word_1_578' title='bbox 2092 4862 2228 4932; x_wconf 85' lang='lat' dir='ltr'><strong>quodnan</strong></span> 
     </span>
     <span class='ocr_line' id='line_1_47' title="bbox 606 4944 2230 5023; baseline 0.002 -14"><span class='ocrx_word' id='word_1_579' title='bbox 606 4953 705 5009; x_wconf 89' lang='lat' dir='ltr'><strong>meritc</strong></span> <span class='ocrx_word' id='word_1_580' title='bbox 729 4951 941 5015; x_wconf 86' lang='lat' dir='ltr'><strong>destruendam,</strong></span> <span class='ocrx_word' id='word_1_581' title='bbox 969 4951 1067 5008; x_wconf 91' lang='lat' dir='ltr'><strong>domus</strong></span> <span class='ocrx_word' id='word_1_582' title='bbox 1093 4954 1260 5009; x_wconf 88' lang='lat' dir='ltr'><strong>rusticorum</strong></span> <span class='ocrx_word' id='word_1_583' title='bbox 1286 4955 1394 5010; x_wconf 79' lang='lat' dir='ltr'><strong>intactae</strong></span> <span class='ocrx_word' id='word_1_584' title='bbox 1445 4944 1783 5023; x_wconf 68' lang='lat' dir='ltr'><strong>pretermiimndun,³sed</strong></span> <span class='ocrx_word' id='word_1_585' title='bbox 1807 4967 1857 5022; x_wconf 88' lang='lat' dir='ltr'><strong>pro</strong></span> <span class='ocrx_word' id='word_1_586' title='bbox 1881 4953 2003 5007; x_wconf 81' lang='lat' dir='ltr'><strong>maxime</strong></span> <span class='ocrx_word' id='word_1_587' title='bbox 2025 4952 2165 5011; x_wconf 70' lang='lat' dir='ltr'><strong>miraculo</strong></span> <span class='ocrx_word' id='word_1_588' title='bbox 2189 4966 2230 5012; x_wconf 91' lang='lat' dir='ltr'><strong>est</strong></span> 
     </span>
     <span class='ocr_line' id='line_1_48' title="bbox 581 5042 2230 5116; baseline 0.001 -13"><span class='ocrx_word' id='word_1_589' title='bbox 581 5101 583 5103; x_wconf 81' lang='grc'><em>,</em></span> <span class='ocrx_word' id='word_1_590' title='bbox 607 5053 817 5116; x_wconf 77' lang='lat' dir='ltr'><strong>conservantur,</strong></span> <span class='ocrx_word' id='word_1_591' title='bbox 837 5042 936 5099; x_wconf 91' lang='lat' dir='ltr'><strong>domus</strong></span> <span class='ocrx_word' id='word_1_592' title='bbox 959 5058 1103 5099; x_wconf 87' lang='lat' dir='ltr'><strong>seriorum</strong></span> <span class='ocrx_word' id='word_1_593' title='bbox 1122 5042 1169 5099; x_wconf 88' lang='lat' dir='ltr'><strong>llei</strong></span> <span class='ocrx_word' id='word_1_594' title='bbox 1193 5045 1305 5115; x_wconf 79' lang='lat' dir='ltr'><strong>dejectu</strong></span> <span class='ocrx_word' id='word_1_595' title='bbox 1328 5061 1393 5116; x_wconf 90' lang='lat' dir='ltr'><strong>pio·</strong></span> <span class='ocrx_word' id='word_1_596' title='bbox 1443 5046 1609 5101; x_wconf 80' lang='lat' dir='ltr'><strong>babendum.</strong></span> <span class='ocrx_word' id='word_1_597' title='bbox 1628 5044 1775 5102; x_wconf 77' lang='lat' dir='ltr'><strong>Dicebatur</strong></span> <span class='ocrx_word' id='word_1_598' title='bbox 1793 5045 1865 5116; x_wconf 90' lang='lat' dir='ltr'><strong>quod</strong></span> <span class='ocrx_word' id='word_1_599' title='bbox 1881 5046 1909 5102; x_wconf 94' lang='lat' dir='ltr'><strong>in</strong></span> <span class='ocrx_word' id='word_1_600' title='bbox 1924 5044 2047 5103; x_wconf 82' lang='lat' dir='ltr'><strong>exercitu</strong></span> <span class='ocrx_word' id='word_1_601' title='bbox 2074 5057 2158 5104; x_wconf 86' lang='lat' dir='ltr'><strong>erant</strong></span> <span class='ocrx_word' id='word_1_602' title='bbox 2182 5048 2230 5104; x_wconf 89' lang='lat' dir='ltr'><strong>lie-</strong></span> 
     </span>
     <span class='ocr_line' id='line_1_49' title="bbox 607 5134 2228 5206; baseline 0.002 -13"><span class='ocrx_word' id='word_1_603' title='bbox 607 5137 785 5193; x_wconf 86' lang='lat' dir='ltr'><strong>sternuntiirl</strong></span> <span class='ocrx_word' id='word_1_604' title='bbox 800 5134 992 5192; x_wconf 79' lang='lat' dir='ltr'><strong>Perreuientes</strong></span> <span class='ocrx_word' id='word_1_605' title='bbox 1003 5136 1085 5206; x_wconf 74' lang='lat' dir='ltr'><strong>igitur</strong></span> <span class='ocrx_word' id='word_1_606' title='bbox 1098 5137 1184 5193; x_wconf 88' lang='lat' dir='ltr'><strong>nostri</strong></span> <span class='ocrx_word' id='word_1_607' title='bbox 1198 5140 1232 5192; x_wconf 89' lang='lat' dir='ltr'><strong>ad</strong></span> <span class='ocrx_word' id='word_1_608' title='bbox 1243 5139 1392 5205; x_wconf 85' lang='lat' dir='ltr'><strong>cii-itatem,</strong></span> <span class='ocrx_word' id='word_1_609' title='bbox 1444 5135 1534 5190; x_wconf 89' lang='lat' dir='ltr'><strong>iiiines</strong></span> <span class='ocrx_word' id='word_1_610' title='bbox 1549 5149 1636 5205; x_wconf 89' lang='lat' dir='ltr'><strong>iisque</strong></span> <span class='ocrx_word' id='word_1_611' title='bbox 1647 5134 1681 5190; x_wconf 91' lang='lat' dir='ltr'><strong>ad</strong></span> <span class='ocrx_word' id='word_1_612' title='bbox 1696 5136 1894 5206; x_wconf 76' lang='lat' dir='ltr'><strong>quinquaginta</strong></span> <span class='ocrx_word' id='word_1_613' title='bbox 1910 5136 2011 5205; x_wconf 80' lang='lat' dir='ltr'><strong>millia3</strong></span> <span class='ocrx_word' id='word_1_614' title='bbox 2025 5135 2122 5194; x_wconf 88' lang='lat' dir='ltr'><strong>liustes</strong></span> <span class='ocrx_word' id='word_1_615' title='bbox 2138 5150 2228 5195; x_wconf 84' lang='lat' dir='ltr'><strong>autern</strong></span> 
     </span>
     <span class='ocr_line' id='line_1_50' title="bbox 608 5227 2229 5294; baseline 0.002 -9"><span class='ocrx_word' id='word_1_616' title='bbox 608 5230 636 5285; x_wconf 91' lang='lat' dir='ltr'><strong>in</strong></span> <span class='ocrx_word' id='word_1_617' title='bbox 660 5228 777 5285; x_wconf 89' lang='lat' dir='ltr'><strong>circuitu</strong></span> <span class='ocrx_word' id='word_1_618' title='bbox 798 5229 882 5283; x_wconf 81' lang='lat' dir='ltr'><strong>urere</strong></span> <span class='ocrx_word' id='word_1_619' title='bbox 896 5231 1031 5294; x_wconf 85' lang='lat' dir='ltr'><strong>tentoria,</strong></span> <span class='ocrx_word' id='word_1_620' title='bbox 1055 5227 1225 5284; x_wconf 86' lang='lat' dir='ltr'><strong>obsidionem</strong></span> <span class='ocrx_word' id='word_1_621' title='bbox 1242 5230 1391 5286; x_wconf 86' lang='lat' dir='ltr'><strong>lirinontes.</strong></span> <span class='ocrx_word' id='word_1_622' title='bbox 1444 5228 1531 5283; x_wconf 90' lang='lat' dir='ltr'><strong>nostri</strong></span> <span class='ocrx_word' id='word_1_623' title='bbox 1546 5228 1637 5283; x_wconf 89' lang='lat' dir='ltr'><strong>omnia</strong></span> <span class='ocrx_word' id='word_1_624' title='bbox 1651 5228 1678 5284; x_wconf 93' lang='lat' dir='ltr'><strong>in</strong></span> <span class='ocrx_word' id='word_1_625' title='bbox 1693 5229 1810 5287; x_wconf 85' lang='lat' dir='ltr'><strong>circuitu</strong></span> <span class='ocrx_word' id='word_1_626' title='bbox 1822 5229 1943 5285; x_wconf 86' lang='lat' dir='ltr'><strong>ciuitatis</strong></span> <span class='ocrx_word' id='word_1_627' title='bbox 1953 5229 2111 5285; x_wconf 84' lang='lat' dir='ltr'><strong>molendina</strong></span> <span class='ocrx_word' id='word_1_628' title='bbox 2123 5232 2229 5288; x_wconf 85' lang='lat' dir='ltr'><strong>destru-</strong></span> 
     </span>
     <span class='ocr_line' id='line_1_51' title="bbox 609 5315 2229 5393; baseline 0.005 -22"><span class='ocrx_word' id='word_1_629' title='bbox 609 5315 744 5386; x_wconf 86' lang='lat' dir='ltr'><strong>llepesitis</strong></span> <span class='ocrx_word' id='word_1_630' title='bbox 754 5331 819 5387; x_wconf 76' lang='lat' dir='ltr'><strong>ergo</strong></span> <span class='ocrx_word' id='word_1_631' title='bbox 830 5318 1045 5388; x_wconf 85' lang='lat' dir='ltr'><strong>circumquaque</strong></span> <span class='ocrx_word' id='word_1_632' title='bbox 1056 5318 1216 5374; x_wconf 89' lang='lat' dir='ltr'><strong>bellaturum</strong></span> <span class='ocrx_word' id='word_1_633' title='bbox 1227 5319 1392 5392; x_wconf 73' lang='lat' dir='ltr'><strong>agminibus,</strong></span> <span class='ocrx_word' id='word_1_634' title='bbox 1444 5330 1551 5388; x_wconf 79' lang='lat' dir='ltr'><strong>serant,</strong></span> <span class='ocrx_word' id='word_1_635' title='bbox 1565 5321 1601 5376; x_wconf 89' lang='lat' dir='ltr'><strong>ita</strong></span> <span class='ocrx_word' id='word_1_636' title='bbox 1616 5320 1690 5390; x_wconf 89' lang='lat' dir='ltr'><strong>quud</strong></span> <span class='ocrx_word' id='word_1_637' title='bbox 1703 5336 1757 5376; x_wconf 91' lang='lat' dir='ltr'><strong>non</strong></span> <span class='ocrx_word' id='word_1_638' title='bbox 1773 5330 1901 5392; x_wconf 89' lang='lat' dir='ltr'><strong>poterant</strong></span> <span class='ocrx_word' id='word_1_639' title='bbox 1911 5322 1999 5378; x_wconf 87' lang='lat' dir='ltr'><strong>nostri</strong></span> <span class='ocrx_word' id='word_1_640' title='bbox 2014 5336 2115 5393; x_wconf 88' lang='lat' dir='ltr'><strong>panem</strong></span> <span class='ocrx_word' id='word_1_641' title='bbox 2130 5323 2229 5379; x_wconf 85' lang='lat' dir='ltr'><strong>babere</strong></span> 
     </span>
     <span class='ocr_line' id='line_1_52' title="bbox 609 5409 2227 5485; baseline 0.002 -20"><span class='ocrx_word' id='word_1_642' title='bbox 609 5409 667 5480; x_wconf 86' lang='lat' dir='ltr'><strong>ipsa</strong></span> <span class='ocrx_word' id='word_1_643' title='bbox 681 5410 791 5481; x_wconf 90' lang='lat' dir='ltr'><strong>quidem</strong></span> <span class='ocrx_word' id='word_1_644' title='bbox 805 5410 850 5466; x_wconf 89' lang='lat' dir='ltr'><strong>die</strong></span> <span class='ocrx_word' id='word_1_645' title='bbox 864 5419 892 5466; x_wconf 92' lang='lat' dir='ltr'><strong>et</strong></span> <span class='ocrx_word' id='word_1_646' title='bbox 907 5412 992 5467; x_wconf 82' lang='lat' dir='ltr'><strong>altera</strong></span> <span class='ocrx_word' id='word_1_647' title='bbox 1006 5427 1021 5465; x_wconf 90' lang='lat' dir='ltr'><strong>a</strong></span> <span class='ocrx_word' id='word_1_648' title='bbox 1036 5412 1137 5476; x_wconf 79' lang='lat' dir='ltr'><strong>praeliis</strong></span> <span class='ocrx_word' id='word_1_649' title='bbox 1161 5413 1305 5468; x_wconf 89' lang='lat' dir='ltr'><strong>siluerunt.</strong></span> <span class='ocrx_word' id='word_1_650' title='bbox 1319 5412 1394 5467; x_wconf 85' lang='lat' dir='ltr'><strong>Ciri-</strong></span> <span class='ocrx_word' id='word_1_651' title='bbox 1443 5414 1496 5468; x_wconf 90' lang='lat' dir='ltr'><strong>nisi</strong></span> <span class='ocrx_word' id='word_1_652' title='bbox 1508 5412 1544 5467; x_wconf 89' lang='lat' dir='ltr'><strong>de</strong></span> <span class='ocrx_word' id='word_1_653' title='bbox 1556 5415 1651 5483; x_wconf 86' lang='lat' dir='ltr'><strong>paucis</strong></span> <span class='ocrx_word' id='word_1_654' title='bbox 1666 5414 1764 5470; x_wconf 85' lang='lat' dir='ltr'><strong>castris</strong></span> <span class='ocrx_word' id='word_1_655' title='bbox 1777 5413 2047 5485; x_wconf 87' lang='lat' dir='ltr'><strong>circumjacentibus,</strong></span> <span class='ocrx_word' id='word_1_656' title='bbox 2058 5425 2086 5471; x_wconf 91' lang='lat' dir='ltr'><strong>et</strong></span> <span class='ocrx_word' id='word_1_657' title='bbox 2098 5416 2227 5473; x_wconf 72' lang='lat' dir='ltr'><strong>lameriti</strong></span> 
     </span>
     <span class='ocr_line' id='line_1_53' title="bbox 608 5503 2229 5580; baseline 0.002 -22"><span class='ocrx_word' id='word_1_658' title='bbox 608 5512 652 5559; x_wconf 88' lang='lat' dir='ltr'><strong>tas</strong></span> <span class='ocrx_word' id='word_1_659' title='bbox 666 5512 757 5559; x_wconf 88' lang='lat' dir='ltr'><strong>autem</strong></span> <span class='ocrx_word' id='word_1_660' title='bbox 771 5503 941 5559; x_wconf 76' lang='lat' dir='ltr'><strong>carcassona</strong></span> <span class='ocrx_word' id='word_1_661' title='bbox 959 5505 985 5557; x_wconf 92' lang='lat' dir='ltr'><strong>in</strong></span> <span class='ocrx_word' id='word_1_662' title='bbox 1005 5505 1107 5559; x_wconf 85' lang='lat' dir='ltr'><strong>mentis</strong></span> <span class='ocrx_word' id='word_1_663' title='bbox 1125 5505 1270 5575; x_wconf 76' lang='lat' dir='ltr'><strong>cuiusdam</strong></span> <span class='ocrx_word' id='word_1_664' title='bbox 1295 5520 1393 5574; x_wconf 88' lang='lat' dir='ltr'><strong>super·</strong></span> <span class='ocrx_word' id='word_1_665' title='bbox 1443 5515 1519 5562; x_wconf 73' lang='lat' dir='ltr'><strong>uuita</strong></span> <span class='ocrx_word' id='word_1_666' title='bbox 1532 5507 1698 5563; x_wconf 88' lang='lat' dir='ltr'><strong>abundantia</strong></span> <span class='ocrx_word' id='word_1_667' title='bbox 1713 5514 1772 5563; x_wconf 87' lang='lat' dir='ltr'><strong>erat</strong></span> <span class='ocrx_word' id='word_1_668' title='bbox 1786 5507 1823 5563; x_wconf 93' lang='lat' dir='ltr'><strong>ibi</strong></span> <span class='ocrx_word' id='word_1_669' title='bbox 1849 5507 1929 5578; x_wconf 89' lang='lat' dir='ltr'><strong>panis</strong></span> <span class='ocrx_word' id='word_1_670' title='bbox 1952 5508 2027 5580; x_wconf 87' lang='lat' dir='ltr'><strong>qued</strong></span> <span class='ocrx_word' id='word_1_671' title='bbox 2040 5506 2229 5566; x_wconf 86' lang='lat' dir='ltr'><strong>modicissimo</strong></span> 
     </span>
     <span class='ocr_line' id='line_1_54' title="bbox 609 5596 2228 5671; baseline 0.001 -20"><span class='ocrx_word' id='word_1_672' title='bbox 609 5597 676 5652; x_wconf 88' lang='lat' dir='ltr'><strong>cilio</strong></span> <span class='ocrx_word' id='word_1_673' title='bbox 700 5599 804 5668; x_wconf 90' lang='lat' dir='ltr'><strong>posita,</strong></span> <span class='ocrx_word' id='word_1_674' title='bbox 822 5597 926 5667; x_wconf 84' lang='lat' dir='ltr'><strong>duplici</strong></span> <span class='ocrx_word' id='word_1_675' title='bbox 942 5598 1077 5654; x_wconf 91' lang='lat' dir='ltr'><strong>suburbio</strong></span> <span class='ocrx_word' id='word_1_676' title='bbox 1089 5598 1259 5670; x_wconf 78' lang='lat' dir='ltr'><strong>cingebatur,</strong></span> <span class='ocrx_word' id='word_1_677' title='bbox 1274 5616 1393 5671; x_wconf 91' lang='lat' dir='ltr'><strong>quorum</strong></span> <span class='ocrx_word' id='word_1_678' title='bbox 1444 5599 1532 5669; x_wconf 89' lang='lat' dir='ltr'><strong>pretio</strong></span> <span class='ocrx_word' id='word_1_679' title='bbox 1544 5597 1723 5662; x_wconf 82' lang='lat' dir='ltr'><strong>vendebatur.</strong></span> <span class='ocrx_word' id='word_1_680' title='bbox 1738 5598 1802 5657; x_wconf 88' lang='lat' dir='ltr'><strong>inde</strong></span> <span class='ocrx_word' id='word_1_681' title='bbox 1812 5607 1840 5652; x_wconf 88' lang='lat' dir='ltr'><strong>et</strong></span> <span class='ocrx_word' id='word_1_682' title='bbox 1853 5596 1981 5653; x_wconf 83' lang='lat' dir='ltr'><strong>dicebant</strong></span> <span class='ocrx_word' id='word_1_683' title='bbox 2002 5596 2138 5665; x_wconf 67' lang='lat' dir='ltr'><strong>beretici,</strong></span> <span class='ocrx_word' id='word_1_684' title='bbox 2158 5596 2228 5668; x_wconf 84' lang='lat' dir='ltr'><strong>qued</strong></span> 
     </span>
     <span class='ocr_line' id='line_1_55' title="bbox 608 5686 2229 5762; baseline 0 -19"><span class='ocrx_word' id='word_1_685' title='bbox 608 5699 758 5758; x_wconf 82' lang='lat' dir='ltr'><strong>nitrumque</strong></span> <span class='ocrx_word' id='word_1_686' title='bbox 772 5691 907 5743; x_wconf 89' lang='lat' dir='ltr'><strong>munitum</strong></span> <span class='ocrx_word' id='word_1_687' title='bbox 930 5699 990 5743; x_wconf 84' lang='lat' dir='ltr'><strong>erat</strong></span> <span class='ocrx_word' id='word_1_688' title='bbox 1005 5690 1092 5746; x_wconf 91' lang='lat' dir='ltr'><strong>muris</strong></span> <span class='ocrx_word' id='word_1_689' title='bbox 1106 5692 1208 5762; x_wconf 83' lang='lat' dir='ltr'><strong>pariter</strong></span> <span class='ocrx_word' id='word_1_690' title='bbox 1225 5702 1253 5746; x_wconf 83' lang='lat' dir='ltr'><strong>et</strong></span> <span class='ocrx_word' id='word_1_691' title='bbox 1271 5693 1393 5749; x_wconf 83' lang='lat' dir='ltr'><strong>lassatis.</strong></span> <span class='ocrx_word' id='word_1_692' title='bbox 1444 5689 1530 5744; x_wconf 88' lang='lat' dir='ltr'><strong>abbas</strong></span> <span class='ocrx_word' id='word_1_693' title='bbox 1541 5688 1732 5746; x_wconf 78' lang='lat' dir='ltr'><strong>cisterciensis</strong></span> <span class='ocrx_word' id='word_1_694' title='bbox 1745 5703 1843 5757; x_wconf 69' lang='lat' dir='ltr'><strong>magus</strong></span> <span class='ocrx_word' id='word_1_695' title='bbox 1853 5695 1923 5755; x_wconf 83' lang='lat' dir='ltr'><strong>erat,</strong></span> <span class='ocrx_word' id='word_1_696' title='bbox 1935 5687 2134 5759; x_wconf 84' lang='lat' dir='ltr'><strong>daemonesque</strong></span> <span class='ocrx_word' id='word_1_697' title='bbox 2146 5686 2229 5743; x_wconf 76' lang='lat' dir='ltr'><strong>adds·</strong></span> 
     </span>
     <span class='ocr_line' id='line_1_56' title="bbox 610 5776 2227 5852; baseline -0.001 -17"><span class='ocrx_word' id='word_1_698' title='bbox 610 5778 659 5836; x_wconf 84' lang='lat' dir='ltr'><strong>llie</strong></span> <span class='ocrx_word' id='word_1_699' title='bbox 681 5780 766 5852; x_wconf 76' lang='lat' dir='ltr'><strong>igitur</strong></span> <span class='ocrx_word' id='word_1_700' title='bbox 788 5780 866 5834; x_wconf 85' lang='lat' dir='ltr'><strong>tertia</strong></span> <span class='ocrx_word' id='word_1_701' title='bbox 881 5790 1022 5850; x_wconf 89' lang='lat' dir='ltr'><strong>sperantes</strong></span> <span class='ocrx_word' id='word_1_702' title='bbox 1046 5783 1133 5838; x_wconf 90' lang='lat' dir='ltr'><strong>nostri</strong></span> <span class='ocrx_word' id='word_1_703' title='bbox 1156 5784 1275 5852; x_wconf 88' lang='lat' dir='ltr'><strong>primum</strong></span> <span class='ocrx_word' id='word_1_704' title='bbox 1294 5786 1394 5840; x_wconf 89' lang='lat' dir='ltr'><strong>subur·</strong></span> <span class='ocrx_word' id='word_1_705' title='bbox 1445 5782 1562 5836; x_wconf 85' lang='lat' dir='ltr'><strong>ieratio</strong></span> <span class='ocrx_word' id='word_1_706' title='bbox 1576 5781 1668 5851; x_wconf 89' lang='lat' dir='ltr'><strong>speeie</strong></span> <span class='ocrx_word' id='word_1_707' title='bbox 1682 5781 1837 5845; x_wconf 91' lang='lat' dir='ltr'><strong>bominum,</strong></span> <span class='ocrx_word' id='word_1_708' title='bbox 1852 5779 1918 5847; x_wconf 88' lang='lat' dir='ltr'><strong>quia</strong></span> <span class='ocrx_word' id='word_1_709' title='bbox 1932 5778 2077 5834; x_wconf 79' lang='lat' dir='ltr'><strong>ridebatur</strong></span> <span class='ocrx_word' id='word_1_710' title='bbox 2090 5777 2136 5835; x_wconf 90' lang='lat' dir='ltr'><strong>eis</strong></span> <span class='ocrx_word' id='word_1_711' title='bbox 2158 5776 2227 5850; x_wconf 84' lang='lat' dir='ltr'><strong>quud</strong></span> 
     </span>
     <span class='ocr_line' id='line_1_57' title="bbox 610 5868 2226 5946; baseline -0.004 -19"><span class='ocrx_word' id='word_1_712' title='bbox 610 5870 685 5928; x_wconf 91' lang='lat' dir='ltr'><strong>biuiu</strong></span> <span class='ocrx_word' id='word_1_713' title='bbox 707 5870 782 5943; x_wconf 86' lang='lat' dir='ltr'><strong>quod</strong></span> <span class='ocrx_word' id='word_1_714' title='bbox 804 5873 926 5927; x_wconf 89' lang='lat' dir='ltr'><strong>secundo</strong></span> <span class='ocrx_word' id='word_1_715' title='bbox 955 5872 1086 5928; x_wconf 89' lang='lat' dir='ltr'><strong>suliiirbic</strong></span> <span class='ocrx_word' id='word_1_716' title='bbox 1110 5884 1170 5930; x_wconf 86' lang='lat' dir='ltr'><strong>crat</strong></span> <span class='ocrx_word' id='word_1_717' title='bbox 1193 5875 1393 5946; x_wconf 87' lang='lat' dir='ltr'><strong>aliquantulum</strong></span> <span class='ocrx_word' id='word_1_718' title='bbox 1444 5874 1530 5930; x_wconf 91' lang='lat' dir='ltr'><strong>nostri</strong></span> <span class='ocrx_word' id='word_1_719' title='bbox 1545 5889 1600 5928; x_wconf 91' lang='lat' dir='ltr'><strong>nou</strong></span> <span class='ocrx_word' id='word_1_720' title='bbox 1615 5873 1803 5931; x_wconf 76' lang='lat' dir='ltr'><strong>coniciebant.</strong></span> <span class='ocrx_word' id='word_1_721' title='bbox 1820 5868 2226 5941; x_wconf 70' lang='lat' dir='ltr'><strong>llisiuquepeiuseaiudian</strong></span> 
     </span>
     <span class='ocr_line' id='line_1_58' title="bbox 611 5961 2228 6038; baseline -0.001 -18"><span class='ocrx_word' id='word_1_722' title='bbox 611 5963 703 6020; x_wconf 88' lang='lat' dir='ltr'><strong>niious</strong></span> <span class='ocrx_word' id='word_1_723' title='bbox 716 5963 804 6031; x_wconf 88' lang='lat' dir='ltr'><strong>iorte,</strong></span> <span class='ocrx_word' id='word_1_724' title='bbox 820 5979 868 6035; x_wconf 89' lang='lat' dir='ltr'><strong>per</strong></span> <span class='ocrx_word' id='word_1_725' title='bbox 881 5964 1014 6020; x_wconf 90' lang='lat' dir='ltr'><strong>insultum</strong></span> <span class='ocrx_word' id='word_1_726' title='bbox 1026 5966 1087 6021; x_wconf 89' lang='lat' dir='ltr'><strong>sine</strong></span> <span class='ocrx_word' id='word_1_727' title='bbox 1099 5968 1236 6022; x_wconf 89' lang='lat' dir='ltr'><strong>macliinis</strong></span> <span class='ocrx_word' id='word_1_728' title='bbox 1250 5984 1280 6023; x_wconf 85' lang='lat' dir='ltr'><strong>se</strong></span> <span class='ocrx_word' id='word_1_729' title='bbox 1298 5977 1395 6038; x_wconf 85' lang='lat' dir='ltr'><strong>captu·</strong></span> <span class='ocrx_word' id='word_1_730' title='bbox 1445 5968 1600 6023; x_wconf 87' lang='lat' dir='ltr'><strong>babuerunt</strong></span> <span class='ocrx_word' id='word_1_731' title='bbox 1611 5966 1707 6031; x_wconf 84' lang='lat' dir='ltr'><strong>nostri,</strong></span> <span class='ocrx_word' id='word_1_732' title='bbox 1720 5967 1860 6036; x_wconf 88' lang='lat' dir='ltr'><strong>quomode</strong></span> <span class='ocrx_word' id='word_1_733' title='bbox 1874 5972 2002 6036; x_wconf 79' lang='lat' dir='ltr'><strong>caperent</strong></span> <span class='ocrx_word' id='word_1_734' title='bbox 2013 5962 2166 6032; x_wconf 67' lang='lat' dir='ltr'><strong>ciuitatem</strong></span> <span class='ocrx_word' id='word_1_735' title='bbox 2177 5961 2228 6020; x_wconf 86' lang='lat' dir='ltr'><strong>atti·</strong></span> 
     </span>
     <span class='ocr_line' id='line_1_59' title="bbox 612 6052 2224 6130; baseline -0.003 -18"><span class='ocrx_word' id='word_1_736' title='bbox 612 6074 676 6121; x_wconf 85' lang='lat' dir='ltr'><strong>ros,</strong></span> <span class='ocrx_word' id='word_1_737' title='bbox 700 6058 829 6128; x_wconf 84' lang='lat' dir='ltr'><strong>impeturn</strong></span> <span class='ocrx_word' id='word_1_738' title='bbox 856 6056 980 6112; x_wconf 85' lang='lat' dir='ltr'><strong>iecerunt</strong></span> <span class='ocrx_word' id='word_1_739' title='bbox 998 6059 1141 6115; x_wconf 85' lang='lat' dir='ltr'><strong>unanimes</strong></span> <span class='ocrx_word' id='word_1_740' title='bbox 1157 6060 1184 6114; x_wconf 92' lang='lat' dir='ltr'><strong>iii</strong></span> <span class='ocrx_word' id='word_1_741' title='bbox 1202 6061 1310 6129; x_wconf 87' lang='lat' dir='ltr'><strong>ipsum,</strong></span> <span class='ocrx_word' id='word_1_742' title='bbox 1334 6061 1393 6130; x_wconf 88' lang='lat' dir='ltr'><strong>epi·</strong></span> <span class='ocrx_word' id='word_1_743' title='bbox 1446 6061 1646 6114; x_wconf 85' lang='lat' dir='ltr'><strong>iiiailieitentes</strong></span> <span class='ocrx_word' id='word_1_744' title='bbox 1659 6057 1851 6128; x_wconf 87' lang='lat' dir='ltr'><strong>outeiuquod,</strong></span> <span class='ocrx_word' id='word_1_745' title='bbox 1864 6056 1887 6112; x_wconf 89' lang='lat' dir='ltr'><strong>si</strong></span> <span class='ocrx_word' id='word_1_746' title='bbox 1910 6054 2032 6111; x_wconf 61' lang='lat' dir='ltr'><strong>laterent</strong></span> <span class='ocrx_word' id='word_1_747' title='bbox 2047 6054 2093 6110; x_wconf 86' lang='lat' dir='ltr'><strong>bic</strong></span> <span class='ocrx_word' id='word_1_748' title='bbox 2114 6052 2224 6112; x_wconf 76' lang='lat' dir='ltr'><strong>sitatis</strong></span> 
     </span>
     <span class='ocr_line' id='line_1_60' title="bbox 613 6144 2222 6224; baseline -0.002 -16"><span class='ocrx_word' id='word_1_749' title='bbox 613 6152 702 6223; x_wconf 81' lang='lat' dir='ltr'><strong>tropis</strong></span> <span class='ocrx_word' id='word_1_750' title='bbox 714 6159 741 6207; x_wconf 92' lang='lat' dir='ltr'><strong>et</strong></span> <span class='ocrx_word' id='word_1_751' title='bbox 754 6149 897 6206; x_wconf 86' lang='lat' dir='ltr'><strong>abbatibus</strong></span> <span class='ocrx_word' id='word_1_752' title='bbox 909 6165 971 6205; x_wconf 89' lang='lat' dir='ltr'><strong>cum</strong></span> <span class='ocrx_word' id='word_1_753' title='bbox 988 6151 1116 6207; x_wconf 88' lang='lat' dir='ltr'><strong>uniuerso</strong></span> <span class='ocrx_word' id='word_1_754' title='bbox 1135 6152 1209 6208; x_wconf 81' lang='lat' dir='ltr'><strong>clei-c</strong></span> <span class='ocrx_word' id='word_1_755' title='bbox 1223 6153 1394 6224; x_wconf 65' lang='lat' dir='ltr'><strong>congregatis</strong></span> <span class='ocrx_word' id='word_1_756' title='bbox 1447 6152 1595 6209; x_wconf 83' lang='lat' dir='ltr'><strong>Biterrensi</strong></span> <span class='ocrx_word' id='word_1_757' title='bbox 1611 6153 1712 6209; x_wconf 80' lang='lat' dir='ltr'><strong>iacturis</strong></span> <span class='ocrx_word' id='word_1_758' title='bbox 1731 6152 1819 6208; x_wconf 88' lang='lat' dir='ltr'><strong>lucrat</strong></span> <span class='ocrx_word' id='word_1_759' title='bbox 1832 6151 1956 6219; x_wconf 82' lang='lat' dir='ltr'><strong>ciritite,</strong></span> <span class='ocrx_word' id='word_1_760' title='bbox 1974 6147 2167 6208; x_wconf 70' lang='lat' dir='ltr'><strong>desbueretar</strong></span> <span class='ocrx_word' id='word_1_761' title='bbox 2188 6144 2222 6203; x_wconf 78' lang='lat' dir='ltr'><strong>d·</strong></span> 
     </span>
    </p>
   </div>
   <div class='ocr_carea' id='block_1_3' title="bbox 0 0 2578 7059">
    <p class='ocr_par' dir='ltr' id='par_1_3' title="bbox 0 0 2578 7059">
     <span class='ocr_line' id='line_1_61' title="bbox 0 0 2578 7059; baseline 0 0"><span class='ocrx_word' id='word_1_762' title='bbox 0 0 2578 7059; x_wconf 95' lang='lat' dir='ltr'><strong> </strong></span> 
     </span>
    </p>
   </div>
  </div>
 </body>
</html>
