5125 7059
465 672 519 730 tit-t
991 675 1095 732 ruant
1114 674 1242 732 tattts
1259 672 1401 732 candart
1420 673 1576 733 noxtcttt
2049 681 2102 737 bnt

466 796 535 850 tiam
558 790 623 848 ildci
639 792 668 847 in
682 792 829 864 prouincia
854 791 1039 850 Narbonensi.
1058 791 1182 850 Peractis
1199 807 1265 848 roro
1278 805 1302 863 Α
1316 790 1446 847 schedula
1463 793 1597 863 inignem
1615 793 1780 865 projicitur3
1805 791 1866 860 aed,
1878 806 1942 849 cunr
1966 791 1995 848 in
2011 792 2100 848 tudio

468 888 495 942 in
509 885 674 955 episcopatu
699 885 797 955 paucis
818 885 928 954 dicbus,
945 887 1011 943 dutn
1028 885 1119 942 redire
1134 887 1264 956 dispone-
1315 888 1378 961 igno
1392 889 1593 960 aliquantulum
1605 904 1711 947 moram
1728 889 1849 957 lecisset,
1865 888 2041 946 incombusta
2055 901 2104 960 pa·

465 989 507 1034 ret
517 987 608 1034 morte
620 989 791 1049 praetentus,
807 982 834 1036 in
849 989 992 1037 senectute
1011 993 1061 1034 sua
1082 977 1200 1034 feliciter
1213 977 1264 1033 olt-
1316 981 1393 1038 nitus
1421 983 1457 1038 ab
1481 983 1543 1053 igne
1569 984 1693 1040 resilirit.
1713 982 1892 1055 Stupentibus
1915 981 1964 1052 qui
1989 981 2105 1036 aderant

464 1071 616 1126 dormivit:
632 1072 711 1139 prius
722 1083 814 1128 autem
827 1089 912 1145 quant
925 1073 984 1144 ipse
996 1071 1153 1138 decederet,
1166 1072 1193 1127 in
1208 1069 1264 1127 lata
1315 1089 1388 1129 unus
1397 1075 1503 1130 canteris
1516 1074 1612 1131 durior
1626 1075 1727 1132 aitlllis
1742 1093 1749 1130 :
1766 1092 1776 1126 c
1794 1072 1959 1145 Projiciattrr
1972 1071 2000 1128 in
2014 1070 2103 1143 ignem

465 1160 621 1214 decesserat
632 1171 890 1232 supramemoratus
904 1161 935 1218 F.
952 1160 1117 1232 liaduiplms
1129 1161 1171 1217 tir
1186 1161 1265 1217 botnc
1315 1165 1415 1221 iterum
1430 1180 1464 1220 et
1481 1173 1546 1219 tunc
1566 1164 1743 1236 experiemini
1769 1163 1878 1235 plenius
1899 1161 2066 1219 reritatcmt
2091 1179 2101 1212 ι

466 1251 618 1314 memoriae,
635 1253 664 1307 ln
685 1254 805 1323 quadam
820 1255 931 1310 abbatia
953 1254 1062 1311 ordinis
1074 1254 1265 1312 cisterciensis
1315 1257 1461 1328 projicitur
1476 1257 1701 1325 iterumiterum
1712 1256 1811 1313 resiliit
1824 1255 2011 1313 incombusta.
2023 1250 2101 1320 Quod

467 1355 552 1411 prope
577 1339 607 1396 S.
629 1343 783 1414 AEgidium,
814 1361 877 1417 quae
901 1346 1005 1402 dicitur
1031 1345 1148 1402 Francia
1172 1345 1262 1401 taliis.
1315 1349 1410 1404 ridens
1425 1348 1470 1403 illc
1481 1349 1568 1404 durus
1581 1357 1609 1405 et
1620 1347 1717 1404 tardus
1729 1348 1763 1403 ad
1778 1346 1957 1413 credendum,
1972 1343 2044 1401 dixit
2055 1345 2105 1399 ite·

468 1426 625 1485 Snlnractis
644 1432 729 1502 igitur
744 1433 789 1489 bis
802 1434 910 1490 dtrobus
924 1434 1118 1503 luminaribus,
1136 1435 1264 1507 episcopo
1315 1455 1377 1495 runt
1391 1457 1398 1496 :
1414 1457 1425 1492 t
1443 1437 1526 1494 Trina
1542 1439 1602 1495 rice
1624 1437 1799 1510 projiciatur,
1813 1446 1841 1493 ct
1858 1445 1924 1491 tunc
1947 1434 2010 1490 sinc
2021 1430 2105 1488 dubio

468 1522 595 1576 ridclicct
626 1520 779 1580 (laoniensi
810 1536 836 1579 et
853 1525 884 1580 l'.
911 1525 1069 1598 lla'dulpbo,
1100 1527 1264 1584 venerabilis
1316 1531 1474 1587 reietitnm
1492 1545 1693 1602 cognoscemus
1709 1548 1716 1586 :
1735 1548 1746 1583 r
1768 1527 1915 1600 projicitur
1936 1527 2030 1592 tertio,
2057 1537 2106 1580 noe

468 1610 559 1666 Guidu
575 1613 665 1670 abbas
680 1616 793 1670 uallium
810 1614 918 1689 Sarnap·
934 1617 963 1672 in
975 1617 1090 1674 dioeccsi
1104 1617 1265 1687 parisiensi,
1318 1635 1386 1681 tnnc
1402 1623 1512 1695 quidem
1538 1623 1723 1690 comburitur,
1739 1621 1788 1678 scd
1803 1621 1910 1691 integra
1929 1618 1965 1675 ab
1981 1618 2046 1685 iane
2062 1631 2105 1672 ro·

468 1704 515 1774 qui
532 1717 596 1758 curn
624 1706 689 1762 aliis
712 1708 860 1764 abbatibus
883 1724 968 1765 causa
998 1710 1212 1780 predicationis,
1236 1710 1266 1767 itt
1315 1716 1382 1774 sibit
1398 1727 1425 1771 et
1442 1716 1536 1771 libesa.
1553 1714 1678 1771 llaeretici
1695 1723 1801 1782 autent,
1816 1712 1884 1767 risis
1904 1718 1944 1765 tot
1958 1709 2060 1781 signis,
2074 1720 2106 1763 nc

469 1795 677 1854 Narbonensem
707 1801 878 1869 provinciam
898 1811 1014 1858 uenerat
1036 1803 1078 1858 rir
1102 1802 1204 1859 nubilis
1218 1819 1265 1876 ge·
1316 1817 1382 1865 tunc
1404 1810 1437 1865 ad
1454 1808 1535 1863 inient
1550 1809 1696 1864 voluerunt
1710 1805 1845 1872 converti,
1870 1803 1919 1860 sed
1933 1802 1962 1858 in
1975 1816 2026 1858 sua
2048 1815 2107 1856 ma·

470 1903 545 1953 ltere,
568 1889 616 1944 sed
643 1891 760 1947 scientia
786 1893 867 1963 longe
893 1892 1015 1950 nobilior
1029 1904 1058 1950 ct
1082 1897 1192 1959 virtute,
1217 1895 1265 1966 qul
1316 1911 1412 1957 nentes
1434 1899 1551 1966 malitia,
1579 1896 1785 1955 districtissimo
1811 1893 1864 1952 sibi
1894 1894 2012 1950 inuicem
2036 1889 2107 1947 inbi-

469 1982 552 2037 ctiattt
575 1991 673 2050 postea
699 1985 847 2054 episcopus
860 1984 952 2041 iactus
966 1996 1008 2042 cst
1024 1987 1265 2055 Carcassoncnsis,
1317 1993 1437 2050 buerunt
1448 2009 1482 2049 ne
1503 1992 1668 2048 miraculum
1685 1990 1758 2047 istud
1774 2003 1823 2061 pcr
1849 1985 2039 2042 narrationem
2056 1984 2106 2040 ali·

470 2074 544 2145 prior
572 2072 645 2130 inter
660 2077 856 2147 predicatores
883 2080 1052 2137 constitutus
1078 2090 1121 2137 cst
1136 2089 1164 2136 et
1178 2082 1266 2151 mapi-
1317 2086 1398 2157 cujus
1414 2085 1448 2140 ad
1473 2094 1632 2141 nostrorum
1645 2081 1773 2138 notitiam
1795 2077 1955 2145 det·eniret;
1968 2076 2017 2134 sod
2030 2077 2107 2132 miles

471 2176 540 2233 ster,
563 2166 651 2224 abbas
665 2170 801 2240 siquidem
827 2169 1024 2230 cisterciensis
1042 2174 1077 2231 ad
1094 2175 1162 2229 alias
1175 2183 1267 2245 partes
1281 2155 1304 2210 Β
1318 2180 1440 2251 spuicam,
1454 2177 1501 2248 qni
1525 2184 1584 2233 erat
1596 2190 1660 2232 cum
1679 2173 1744 2239 illis,
1757 2172 1804 2244 qui
1822 2170 2026 2243 aliquantulum
2041 2184 2106 2225 cuu-

472 2277 502 2318 se
516 2261 668 2329 transtulit,
682 2264 849 2335 quibusdam
863 2266 975 2336 magnis
987 2267 1104 2339 negotiis
1115 2276 1182 2323 tunc
1194 2277 1264 2321 tcm-
1317 2270 1452 2329 sentiebat
1464 2267 1526 2323 lidei
1547 2274 1651 2323 austrae
1673 2265 1762 2320 noluit
1785 2262 1875 2331 colare
1898 2260 1975 2332 quod
1991 2259 2107 2324 siderat,

471 2350 547 2422 l>mis
565 2350 726 2422 imbellium·
753 2354 946 2411 ⁰5⁸⁰¹¹li⁰¹¹¹ss⁸
970 2356 1055 2427 ¹8¹¹ur
1072 2357 1267 2429 predicatores
1318 2366 1366 2424 scd
1378 2362 1505 2435 pluribus
1517 2360 1666 2417 enarravit.
1679 2357 1793 2416 Factum
1805 2364 1848 2413 est
1862 2364 1955 2411 antem
1970 2352 2024 2410 boc
2038 2351 2106 2422 apud

473 2442 561 2499 sancti
576 2442 778 2517 ltaeretiuosquc
788 2446 956 2517 disputando
967 2448 1192 2506 manifestissime
1201 2461 1268 2503 con·
1319 2453 1590 2525 nonatum-regalem,
1616 2449 1688 2507 sicut
1712 2448 1747 2505 ab
1761 2462 1810 2505 ore
1831 2445 1883 2502 riri
1907 2443 2107 2517 religiosissimi

473 2538 712 2606 uincentesrsed,
740 2540 806 2610 quia
831 2540 965 2598 obstinati
982 2551 1064 2599 erant
1094 2543 1122 2599 in
1150 2541 1267 2607 malitia,
1319 2547 1485 2620 audimur
1501 2542 1661 2603 schedulam
1678 2540 1809 2598 baterico
1831 2537 1946 2597 tradidit
1957 2537 2108 2610 superscri-

474 2636 635 2685 corruentem
660 2644 717 2686 aon
741 2631 865 2688 ualentes
889 2641 954 2703 post
979 2635 1097 2690 multum
1123 2631 1266 2704 temporis,
1317 2650 1403 2713 pum,

474 2734 538 2779 curn
561 2735 659 2789 parum
676 2731 724 2779 aut
744 2723 812 2778 nibil
836 2724 1012 2792 praedicando
1029 2727 1088 2784 sire
1101 2723 1268 2798 disputando
1612 2743 1729 2803 (Ἄρῃ
1749 2742 1817 2801 pm·

474 2817 608 2887 prutlcere
622 2816 787 2887 potuissent,
801 2818 836 2874 ad
855 2828 948 2890 partes
962 2819 1059 2878 Galliae
1075 2820 1265 2879 controversi.
1319 2843 1498 2915 „mayn-0
1513 2842 1607 2913 Μή,
1625 2839 1699 2895 Μή
1715 2840 1746 2894 p,
1764 2837 1941 2908 cmm,
1952 2839 2001 2911 4„-
2010 2837 2107 2912 Μὴ

473 2905 530 2962 ttec
544 2909 765 2977 pretereundum
781 2910 921 2983 estquod,
934 2914 1099 2971 cnmdlctus
1112 2913 1268 2971 abbasral·
1565 2913 1709 2982 irnpiorum
1724 2910 1856 2965 occubuit.

476 2996 673 3073 liuntSarnay,
691 3017 754 3058 cunr
784 3004 945 3075 supradicto
963 3006 1265 3080 Tbeodorlcmetooo·
1354 3005 1404 3062 llis
1426 3007 1461 3062 de
1482 3002 1709 3076 predicatoribus
1728 3002 1804 3058 uerbi
1819 3001 1866 3058 llci
1883 3002 2006 3061 breviter
2020 3003 2105 3076 preli·

476 3093 539 3148 dam
565 3093 620 3147 alio
643 3094 828 3152 baercsiarclra
851 3097 985 3168 maximo,
1011 3099 1150 3158 Bernardo
1164 3101 1269 3158 scilicet
1318 3101 1401 3169 batis,
1414 3101 1448 3156 ad
1463 3101 1624 3172 martyrium
1640 3098 1692 3155 riri
1705 3098 1869 3155 venerabilis
1891 3105 1920 3156 et
1933 3099 2045 3156 atblctae
2056 3097 2107 3153 lor·

476 3190 511 3242 de
527 3185 666 3256 Cirnorra,
692 3190 739 3259 qui
756 3190 783 3244 in
798 3188 1013 3249 carcassonensi
1032 3194 1145 3251 dioecesi
1169 3195 1268 3265 pract-
1320 3192 1421 3250 tissimi
1431 3191 1463 3248 Ρ.
1482 3191 1555 3248 Petri
1568 3191 1603 3247 de
1613 3190 1795 3257 castronovo,
1808 3188 1923 3260 jurante
1935 3189 2005 3258 lieo,
2018 3188 2108 3246 reaia·

478 3294 550 3350 pons
571 3278 735 3349 habebatur,
761 3281 929 3354 disputasset
946 3285 1052 3356 pluries
1062 3296 1089 3343 et
1107 3287 1268 3358 eossaepius
1319 3299 1401 3340 mus:
1417 3282 1493 3355 quod
1516 3282 1594 3338 nullo
1608 3282 1691 3338 modo
1707 3280 1815 3348 melius,
1841 3281 1884 3338 rcl
1896 3281 2107 3354 mapisautben·

477 3373 652 3441 corruisset,
667 3374 788 3444 quodam
804 3375 860 3443 die,
873 3391 937 3433 cunt
956 3381 1119 3451 saepedictus
1139 3381 1267 3436 Tbcodo·
1318 3378 1372 3434 tice
1395 3375 1535 3433 credimus
1559 3389 1611 3431 nos
1637 3372 1772 3439 lacturos,
1795 3388 1879 3444 quarn
1900 3381 1932 3429 ut
1956 3373 2064 3430 litteras
2078 3372 2106 3429 b.

480 3467 564 3533 ricus,
577 3466 645 3523 nibil
656 3467 731 3522 alind
750 3468 918 3539 respondere
941 3473 1086 3543 potuisset,
1100 3475 1170 3531 dixit
1183 3475 1304 3563 abba-c
1320 3483 1408 3541 papae,
1430 3466 1581 3524 narrationi
1606 3473 1708 3521 nostrae
1730 3464 1987 3536 insermendum
2008 3463 2108 3521 Christi

479 3557 499 3611 ti
516 3575 523 3613 ι
540 3577 549 3609 c
570 3557 620 3613 liin
636 3573 680 3614 me
695 3558 811 3614 detinuit
827 3562 968 3628 meretrix,
984 3564 1032 3619 sed
1047 3565 1081 3621 de
1095 3574 1194 3621 cantero
1212 3581 1266 3620 nnn
1320 3562 1446 3618 fidelibus
1458 3559 1616 3626 destinarit,
1633 3559 1723 3629 ipsum
1740 3557 1903 3631 martyrium
1928 3557 2039 3629 plenius
2051 3573 2108 3616 oau-

480 3649 606 3707 tenebit:
626 3669 636 3703 ι
656 3650 709 3707 boc
732 3649 838 3718 dicens,
858 3652 967 3709 dicebat
997 3652 1150 3712 Romanam
1175 3655 1268 3713 ficeto
1319 3657 1448 3711 tinentcs.
1461 3651 1561 3709 Forma
1574 3651 1728 3707 litterarum
1742 3650 1800 3707 hec
1811 3659 1872 3707 est:

479 3743 550 3798 siant
575 3743 759 3799 meretricem.
776 3741 832 3799 Nec
854 3744 989 3800 silendum
1004 3748 1089 3817 quod,
1107 3763 1170 3803 cum
1183 3763 1266 3818 saepc·
1356 3747 1535 3803 lunucrnrtus
1550 3743 1816 3814 episcopusservus
1832 3758 1977 3800 serrorum
1992 3742 2055 3812 liei,
2067 3745 2108 3802 di·

478 3836 571 3893 dictus
596 3836 683 3892 abbas
703 3835 816 3891 vallium
844 3835 960 3910 Sarum,
983 3838 1038 3894 aiio
1057 3840 1111 3896 die·
1124 3840 1267 3897 castellum
1319 3838 1398 3894 lectis
1410 3835 1474 3892 liliis
1496 3833 1635 3888 nobilibus
1654 3832 1732 3896 riris,
1744 3832 1905 3900 comitibus,
1919 3832 2110 3894 baronibusct

479 3929 617 4002 quoddam
633 3945 718 4001 prope
734 3928 946 3997 Carcassonam,
972 3930 1128 3988 Lauranum
1145 3932 1267 3998 nominc,
1320 3927 1456 3985 uniuersis
1468 3925 1603 3982 militibus
1615 3940 1663 3996 pcr
1677 3920 1898 3994 Narbonensem,
1908 3925 2108 3992 Arelatenaeaa,

480 4038 565 4079 causa
581 4022 785 4096 predicationis
797 4026 921 4091 intrat-ct,
937 4023 964 4080 ln
981 4025 1042 4097 ipso
1058 4026 1171 4082 introitu
1185 4025 1269 4081 castri
1319 4019 1552 4083 Ebrcduncnscrn,
1563 4016 1946 4090 Aquensemetllicnuestscm
1955 4022 2109 4092 provincias

479 4119 623 4187 sigrtmnlo
646 4116 736 4173 erucis
769 4131 799 4172 se
818 4117 958 4188 signarit:
981 4118 1164 4188 quudridcns
1190 4116 1269 4172 miles
1319 4110 1487 4178 constitutis,
1503 4112 1617 4166 salutern
1641 4118 1669 4164 et
1683 4110 1862 4182 apostolicam
1878 4111 2107 4171 benedictionem.

479 4209 592 4281 quidam
608 4209 753 4265 lraercticus
768 4208 815 4278 qni
829 4217 890 4263 erat
903 4207 931 4262 in
955 4216 1048 4264 castro
1066 4208 1135 4264 disit
1148 4206 1242 4263 abbati
1259 4223 1267 4263 a
1355 4201 1423 4258 llern
1443 4201 1583 4258 credulam
1598 4200 1767 4269 audirimus,
1783 4209 1811 4257 ct
1833 4201 1860 4256 in
1876 4216 2058 4261 communem
2072 4204 2109 4261 lu·

482 4297 655 4374 «Nunquam
673 4315 716 4357 me
732 4300 843 4371 adjuret
858 4299 968 4371 signum
985 4300 1076 4357 istud!
1098 4320 1108 4354 r
1318 4305 1392 4351 ctum
1416 4292 1552 4365 generalis
1575 4290 1705 4348 Ecclesia
1727 4291 1930 4360 deducendam,
1948 4295 2027 4367 quod
2050 4310 2109 4352 can

779 4410 894 4468 cppup
915 4411 970 4468 pp
1239 4393 1242 4399 '
1318 4395 1421 4446 sanctae
1438 4384 1579 4443 momoriae
1592 4383 1622 4440 F.
1637 4382 1670 4441 P.
1684 4384 1720 4441 dc
1731 4383 1906 4442 castronovo
1918 4387 2109 4445 monachuset

482 4502 837 4570 ssiracaiamdcacbedulo,
853 4504 886 4559 tt.
906 4503 1041 4561 dominici
1064 4505 1266 4576 manuscripto,
1319 4480 1463 4547 ⁸³⁰⁰fd⁰⁸r
1493 4479 1534 4535 tir
1566 4479 1638 4534 ⁵⁰¹⁸?
1658 4480 1735 4534 *5¹⁰⁸
1757 4478 1852 4546 ”um
1875 4477 2107 4548 'mummius

581 4594 640 4649 ιω
653 4589 692 4632 ter
702 4577 818 4647 duumuir
833 4576 941 4645 injecto,
957 4577 1042 4633 illeso
1060 4579 1166 4633 resiliit.
1319 4571 1434 4629 scientia
1449 4579 1477 4627 ct
1492 4570 1565 4626 lanta
1576 4569 1737 4641 preclarus,
1754 4569 1789 4625 ad
1799 4569 2050 4641 erattgclitaudum
2065 4588 2108 4644 pa·

516 4666 638 4740 Contigit
652 4679 775 4739 tempore
790 4665 836 4721 illo
851 4665 989 4737 quoddam
1013 4668 1177 4723 miraculum
1196 4665 1267 4732 lteri,
1318 4679 1389 4731 cent,
1401 4674 1428 4720 et
1443 4661 1660 4718 conllrmandam
1676 4660 1768 4729 tidem,
1782 4661 1809 4715 in
1819 4661 1964 4732 prouincia
1973 4662 2106 4720 baritana

479 4761 554 4829 qrtod
567 4761 596 4816 in
613 4762 665 4818 boc
679 4762 742 4817 luco
761 4759 875 4831 dignum
889 4759 1021 4816 duximus
1036 4759 1266 4816 interserendum.
1318 4773 1382 4812 cum
1396 4755 1459 4811 aliis
1477 4753 1633 4810 destinatus
1660 4754 1687 4807 in
1711 4752 1862 4809 commisso
1878 4752 1934 4808 sibi
1957 4754 2108 4812 ministeriu

481 4848 694 4923 llisputarerant
719 4853 837 4924 quadarn
863 4851 908 4907 die
935 4852 1045 4923 quidam
1074 4852 1266 4923 predicatores
1282 4870 1305 4927 p
1320 4847 1493 4903 laudabiliter
1504 4845 1676 4917 profecisset,
1689 4854 1718 4900 et
1736 4842 1870 4914 prolicere
1884 4858 1942 4900 non
1961 4855 2105 4903 munet:

481 4947 580 5014 nostri,
596 4947 648 5002 tiri
670 4946 791 5017 religiosi
807 4945 942 5001 adversus
955 4945 1110 5010 haereticos,
1130 4958 1201 4999 utras
1214 4958 1267 4997 au·
1319 4940 1419 5011 quippe
1434 4939 1481 5010 qni
1494 4937 1574 5009 plene
1589 4937 1617 4991 ln
1632 4936 1727 4992 schola
1748 4934 1852 4992 Christi
1867 4934 2024 4994 didiscerat
2040 4940 2106 5010 quod

482 5047 536 5094 tem
553 5039 587 5095 de
601 5040 712 5106 nostris,
726 5037 886 5093 Dotttinicus
910 5039 1031 5104 nomine,
1046 5038 1086 5093 uir
1100 5045 1184 5093 tubus
1200 5051 1266 5093 san·
1318 5037 1438 5100 doceret,
1451 5043 1479 5091 ct
1492 5050 1556 5091 eum
1570 5033 1617 5105 qni
1629 5032 1782 5090 secundum
1793 5031 1950 5089 doctrinam
1964 5042 1996 5091 et
2007 5032 2106 5092 tuneo

481 5132 596 5199 ctltatis,
614 5134 661 5204 qui
675 5130 871 5189 sociuslucrat
887 5130 1010 5202 episcopi
1024 5130 1199 5196 oxomensis,
1215 5143 1261 5183 au·
1319 5127 1468 5185 obtinendo
1494 5139 1660 5191 sermonem,
1685 5123 1713 5178 in
1742 5138 1810 5180 sana
1835 5129 1945 5193 poterat
1971 5123 2106 5181 calaortar.

480 5227 634 5293 ctoritatcs,
648 5242 719 5298 qttas
734 5225 761 5280 in
783 5224 902 5279 medinm
926 5227 1104 5296 produxerat,
1119 5224 1222 5294 redegit
1239 5224 1266 5277 in
1318 5221 1456 5281 doctriua,
1473 5230 1501 5274 et
1512 5216 1733 5274 contradicentes
1753 5215 1895 5271 revincere
1911 5213 1980 5287 (tir.
1995 5216 2019 5287 ι)
2033 5232 2105 5288 para·

480 5320 624 5389 scripturn,
651 5328 678 5374 ct
691 5319 800 5374 cuidant
828 5316 956 5372 lraeretico
969 5318 1081 5373 tradidit
1107 5316 1266 5372 schedulam
1319 5325 1363 5368 tus
1375 5311 1450 5367 onmi
1465 5309 1587 5380 poscenti
1596 5323 1705 5378 semper
1720 5306 1834 5363 reddere
1845 5305 1985 5364 rationem
1997 5306 2106 5381 (tneor.

480 5407 568 5473 illanr,
592 5417 622 5465 ut
649 5422 734 5480 snpra
747 5407 863 5477 objectis
891 5406 1067 5462 deliberaret.
1081 5405 1163 5462 Nocte
1184 5406 1267 5476 igitur
1321 5410 1372 5474 nr),
1389 5415 1419 5459 ut
1430 5409 1537 5474 poterat
1554 5401 1595 5456 rir
1610 5402 1637 5456 in
1652 5401 1704 5456 lide
1729 5399 1893 5463 catholicus,
1914 5399 1943 5454 in
1963 5398 2028 5472 lege
2040 5398 2105 5472 peri·

481 5500 526 5557 illo
542 5514 620 5558 erant
634 5502 756 5560 baeretici
769 5502 927 5573 congregati
946 5502 972 5557 in
992 5520 1044 5558 una
1063 5505 1154 5568 «lonso,
1169 5502 1267 5558 sedeo·
1319 5508 1373 5566 tus,
1385 5497 1411 5552 in
1423 5510 1549 5552 sermone
1560 5491 1858 5559 iucundus,cottcitatit
1871 5490 2009 5549 adversus
2022 5493 2105 5565 ipsun

480 5604 522 5649 ten
536 5595 570 5648 atl
584 5595 685 5665 ignem.
698 5593 745 5650 ille
753 5602 844 5649 autem
855 5594 899 5649 cui
912 5595 950 5648 uir
963 5593 1010 5649 liei
1026 5595 1174 5650 tradiderat
1186 5594 1267 5650 sobe·
1318 5591 1443 5647 diabulos
1455 5589 1611 5644 ministrnm
1629 5587 1848 5644 suum·cumitcm
1860 5583 2034 5643 Tolosanum
2046 5583 2106 5640 ilai·

479 5689 584 5754 ululant,
601 5687 728 5757 produxit
751 5702 812 5744 eam
834 5686 862 5741 in
886 5687 1006 5743 medium
1024 5705 1031 5742 ι
1050 5696 1115 5742 tunc
1138 5687 1267 5741 dixerunt
1318 5684 1462 5749 mundum,
1475 5683 1523 5752 qui
1536 5697 1598 5738 cum
1612 5697 1662 5752 pru
1673 5680 1766 5735 multis
1777 5688 1805 5735 et
1818 5677 1927 5750 magnis
1938 5678 2106 5742 exossibttt,

481 5780 547 5836 socii
564 5779 608 5834 sui
627 5789 656 5835 ut
672 5781 698 5834 in
724 5779 844 5834 medium
872 5778 961 5849 ignem
978 5781 1052 5834 illam
1069 5779 1225 5849 projiceret,
1240 5785 1267 5830 et
1318 5793 1389 5848 quos
1404 5777 1430 5831 in
1451 5775 1601 5831 Ecclesiam
1614 5773 1792 5829 commiserat
1814 5779 1839 5826 et
1866 5770 1895 5824 in
1920 5768 2024 5837 Deum,
2040 5782 2106 5838 svor
2144 5842 2146 5857 Ι

480 5870 502 5925 ti
525 5870 655 5926 scitodula
685 5869 730 5925 illa
759 5871 971 5926 cuntbnreretut·
998 5886 1060 5925 rer-a
1092 5878 1164 5925 esset
1182 5868 1265 5934 lidcs;
1318 5887 1464 5929 censuram
1478 5867 1695 5924 ecclesiasticam
1720 5863 1894 5927 incurrisset,
1906 5869 1936 5918 ct
1950 5876 2028 5934 steps
2041 5861 2106 5917 stru

480 5969 537 6024 into
547 5970 660 6038 perilrlia
676 5967 866 6023 baereticorum
882 5987 888 6022 :
903 5969 925 6022 si
941 5984 1006 6022 tero
1020 5967 1192 6022 incombusta
1209 5980 1266 6017 trra·
1320 5965 1404 6019 borno
1417 5959 1568 6030 tot·s1p..·llis
1580 5968 1608 6012 et
1617 5956 1743 6023 callidos,
1759 5954 1883 6010 inlinens
1893 5953 1923 6009 ut'
1935 5954 2104 6013 incensum.

480 6071 566 6126 ncrct,
582 6062 755 6132 lidentonam
779 6060 964 6131 praedicabant
980 6061 1076 6124 nostri,
1099 6075 1190 6113 rurant
1206 6072 1267 6111 csse
1319 6047 1721 6127 poenitudinesimulatalucrat
1732 6041 2104 6102 absolutosnanrtomotton

480 6155 638 6212 interemor.
662 6155 732 6224 butu
758 6154 853 6224 plural
866 6153 894 6209 ln
909 6156 959 6212 boc
972 6155 1146 6212 consentiunt
1157 6167 1263 6216 omnes,
1319 6147 1460 6203 contincrc
1473 6161 1525 6200 non
1537 6139 1766 6216 praeualensqnod
1779 6145 1887 6209 ceperat
1896 6145 1996 6194 contra
2012 6135 2102 6208 ipsum,
