5125 7059
785 776 885 831 ttttsstt
915 776 958 830 bs
984 773 1142 830 bttb'ttsts
1167 772 1354 830 ottbtrttbtts
1373 773 1564 832 ECCLESlAE.
1937 771 1990 828 88⁰

447 895 471 951 rb
483 895 687 967 expositoribus
705 895 898 950 sarmtisaliter
913 899 1089 964 pertractatu,
1103 889 1151 946 sed
1166 892 1188 949 t
1204 891 1287 945 etiam
1304 892 1332 946 in
1350 891 1403 946 hoc
1421 891 1518 948 ordine
1537 891 1629 960 plures
1647 889 1834 955 inveniuntur,
1849 891 1895 961 qni
1914 892 1989 947 onh-

468 993 511 1040 est
524 983 653 1055 quiddam
671 984 814 1039 canonicis
828 986 890 1039 istis
907 999 1069 1054 congruum,
1086 983 1150 1053 qnia
1202 996 1262 1035 nem
1285 996 1364 1036 suum
1385 981 1582 1053 aliquantisper
1607 982 1754 1038 honorant.
1780 979 1887 1040 liabent
1906 983 1989 1038 etiam

447 1091 485 1131 rus
507 1092 571 1130 cmn
590 1077 734 1146 discipulis
760 1077 883 1132 introivit
900 1076 927 1130 in
947 1076 1096 1139 civitatem,
1123 1084 1151 1132 et
1200 1073 1293 1144 plures
1312 1089 1407 1131 eorum
1423 1075 1551 1146 antiquas
1574 1088 1735 1129 communes
1761 1074 1873 1139 domos,
1894 1082 1924 1128 ιιι
1947 1086 1989 1130 cst

448 1175 463 1221 t
482 1169 510 1222 in
529 1168 612 1224 domo
627 1168 746 1240 quadam
760 1169 890 1230 ciuitatis,
905 1176 932 1222 et
948 1168 1000 1225 hoc
1014 1169 1042 1223 in
1056 1182 1151 1223 coena·
1200 1169 1352 1226 claustrum
1376 1177 1403 1225 et
1430 1169 1633 1234 refectorium,
1666 1176 1694 1224 et
1720 1169 1879 1240 frequenter
1904 1170 1988 1226 etiam

448 1259 1151 1331 lliusdomus,etibicurndiscipulispaschacele·
1200 1263 1301 1333 saepius
1328 1261 1410 1318 simul
1441 1263 1603 1325 comedunt,
1632 1262 1724 1318 aridiri
1749 1263 1831 1316 etiam
1854 1261 1988 1333 quosdam

448 1391 459 1414 ,‚
472 1363 500 1407 et
510 1361 681 1408 sacramenta
696 1356 820 1423 corporis
832 1364 860 1411 et
872 1354 1013 1426 sanguinis
1036 1355 1078 1408 sui
1093 1362 1150 1408 tra·
1184 1353 1282 1410 *shnnl
1294 1354 1453 1426 quiescere:
1468 1353 1514 1424 qm
1531 1362 1621 1410 autem
1636 1354 1705 1409 bene
1722 1352 1843 1416 faciunt,
1860 1352 1929 1407 alios
1944 1352 1987 1406 sni

448 1442 590 1514 Perpeode
605 1445 689 1518 igitur
702 1447 852 1502 canonicos
868 1447 914 1519 qui
935 1446 1006 1501 inter
1025 1445 1149 1502 homiues
1198 1445 1307 1501 ordinis
1320 1447 1396 1503 uiros
1413 1446 1446 1500 ad
1470 1445 1571 1502 similia
1592 1446 1718 1510 inritent,
1732 1445 1779 1517 qni
1794 1453 1885 1499 autem
1899 1443 1988 1500 adhue

447 1541 472 1598 t,
487 1537 510 1591 si
534 1551 588 1591 noo
606 1537 733 1593 similiter
748 1536 852 1593 faciunt
865 1538 908 1594 rel
933 1535 1024 1594 facere
1038 1537 1148 1594 debent.
1199 1535 1302 1594 infirmi
1315 1546 1390 1601 sunt,
1405 1537 1533 1593 fortiores
1546 1536 1697 1592 imitentur.

447 1633 501 1680 runt
523 1627 596 1683 enim
622 1628 649 1682 in
665 1628 820 1693 civitatem,
838 1636 867 1684 ut
882 1628 984 1698 pascha
998 1628 1147 1693 celebrent,
1235 1627 1279 1686 72.
1292 1625 1321 1682 Si
1336 1636 1426 1683 arrtem
1443 1629 1599 1699 requiratur
1611 1643 1692 1697 quem
1707 1629 1776 1683 tales
1787 1626 1912 1684 canonici
1927 1633 1988 1698 post

447 1717 541 1771 triam
564 1717 597 1773 de
618 1728 705 1774 morte
719 1720 753 1774 ad
768 1720 850 1774 sitam
873 1721 1040 1791 sequendam
1056 1728 1149 1775 osteu-
1198 1717 1340 1775 Christum
1364 1726 1391 1774 ct
1414 1717 1475 1788 ejrrs
1503 1718 1644 1789 apostolos
1671 1716 1778 1772 Patrem
1808 1717 1988 1774 institutionis

451 1816 564 1864 manent
586 1810 612 1863 in
634 1809 716 1865 dorno
735 1812 895 1880 cujusdam,
911 1828 973 1866 euro
997 1813 1079 1867 utrius
1093 1827 1149 1882 prae
1199 1812 1282 1880 lrrrjus
1309 1818 1336 1867 et
1361 1809 1467 1866 ordinis
1492 1811 1534 1867 sui
1564 1809 1682 1866 debeant
1705 1810 1865 1879 appellare,
1883 1809 1987 1863 nullum

447 1903 467 1957 is
476 1900 586 1957 devotio
598 1904 701 1959 eisdem
709 1902 819 1958 domurn
834 1905 867 1958 ad
884 1903 1060 1960 habitandum
1072 1904 1147 1968 facit,
1198 1906 1282 1961 alium
1297 1904 1396 1961 melius
1415 1904 1589 1971 invenimus,
1604 1904 1667 1958 licet
1689 1903 1767 1958 multi
1785 1903 1986 1974 praecesserint,

447 2013 451 2048 ι
481 1994 652 2065 professione
673 2013 741 2061 sua,
765 2005 792 2050 rt
821 1996 967 2052 ecclesiam
986 2004 1013 2052 et
1037 1995 1148 2052 domrrm
1198 1995 1415 2067 quiclericornm
1431 1995 1526 2052 Patres
1541 1994 1739 2066 fuerintquam
1751 1993 1781 2051 b.
1793 1993 1986 2065 Augustinum.

449 2083 1147 2158 datrrconcedit.0steoditeteoenaculommagnum
1198 2086 1238 2142 Et
1257 2101 1291 2142 eo
1318 2088 1392 2142 enim
1413 2086 1486 2158 quod
1509 2101 1594 2157 prope
1619 2086 1760 2140 civitatem
1786 2084 1987 2156 hipponensem

448 2191 474 2230 m
489 2215 496 2236 .
512 2190 574 2230 cum
590 2176 671 2232 talem
687 2178 777 2232 locum
792 2188 885 2249 aptum
908 2181 1037 2251 supernis
1051 2179 1147 2238 odiciis
1197 2181 1341 2237 ecclesiam
1361 2181 1477 2234 fratrum
1490 2176 1641 2236 secundum
1656 2176 1801 2249 Regulam,
1817 2178 1869 2231 sub
1884 2175 1988 2232 sanctis

447 2277 539 2325 rstrat.
563 2269 656 2326 Potest
671 2273 753 2327 etiam
772 2273 824 2329 iste
842 2273 953 2344 quidam
970 2273 1051 2332 borno
1064 2289 1147 2331 eran·
1199 2273 1331 2344 apostolis
1353 2272 1531 2328 constitutam
1555 2270 1689 2333 institnit,
1715 2277 1792 2340 pater
1809 2268 1917 2323 illorum
1939 2268 1986 2338 qni

449 2361 571 2430 splures
598 2361 719 2418 indicare
743 2363 784 2418 rel
811 2364 903 2434 plures
917 2380 996 2427 esse,
1013 2365 1060 2421 sed
1075 2382 1147 2424 unus
1196 2361 1274 2434 juxta
1290 2363 1417 2419 homines
1443 2369 1508 2418 sunt
1532 2374 1606 2417 recte
1627 2360 1790 2431 appellatur.
1806 2358 1846 2412 Er
1868 2375 1901 2414 eo
1923 2375 1987 2414 reru

447 2461 517 2521 murt,
537 2462 648 2525 propter
663 2456 820 2512 unanimem
834 2471 899 2529 erga
911 2455 995 2513 Deum
1011 2465 1038 2514 ct
1053 2472 1148 2515 seruos
1198 2455 1271 2528 quod
1296 2454 1324 2511 in
1347 2456 1488 2529 episcopio
1507 2455 1632 2527 positus,
1664 2467 1726 2507 cum
1748 2449 1881 2506 iratribus
1903 2450 1986 2505 etiam

447 2546 606 2608 oluntatem,
623 2546 651 2602 ln
673 2549 720 2604 tali
742 2549 825 2604 etiam
839 2550 1012 2621 locopascba
1034 2550 1148 2608 adisci·
1197 2548 1380 2606 communiter
1399 2549 1484 2612 uixit,
1506 2561 1603 2604 eorum
1623 2545 1706 2603 etiarn
1729 2544 1776 2617 qui
1803 2545 1876 2600 inter
1893 2541 1987 2614 plebes

447 2647 623 2709 preparatur,
640 2647 668 2695 et
687 2654 703 2694 a
717 2638 782 2696 lesu
797 2639 1017 2698 desiderabiliter
1031 2643 1147 2698 mandu-
1196 2656 1259 2698 enm
1270 2640 1458 2714 episcopisrel
1472 2640 1525 2697 sub
1538 2637 1675 2711 episcopis
1687 2636 1801 2708 degunt,
1812 2644 1890 2706 pater
1899 2634 1987 2690 fuisse

473 2745 536 2786 cum
552 2732 710 2790 mansiones
733 2732 865 2789 fratribus
884 2732 940 2788 lieo
964 2733 1147 2792 servientibus
1194 2734 1257 2806 jure
1274 2733 1392 2791 dicetur.
1406 2731 1522 2788 Exstant
1541 2731 1624 2787 etiam
1640 2742 1783 2786 sermones
1801 2727 1862 2798 ejus
1880 2726 1985 2782 desita

447 2839 496 2892 mr,
513 2831 543 2879 ut
566 2824 594 2880 in
613 2835 749 2882 consentu
770 2827 903 2885 fratribus
925 2829 1104 2900 psallentibus
1119 2839 1147 2887 et
1196 2827 1359 2886 clericorum
1373 2827 1472 2893 habiti,
1486 2825 1533 2883 ubi
1544 2830 1655 2897 apparet
1666 2830 1694 2880 et
1709 2837 1757 2879 eos
1770 2819 1818 2892 qui
1844 2828 1908 2877 ante
1927 2819 1986 2890 epi·

448 2915 510 2982 hus,
524 2924 552 2972 et
562 2917 590 2973 in
603 2920 712 2975 nornine
721 2918 827 2976 bonoim
842 2919 906 2977 lesu
922 2921 1104 2993 congregatis.
1117 2923 1146 2979 in
1197 2930 1340 2994 scopatum
1358 2921 1420 2993 ejus
1439 2936 1502 2976 cum
1515 2918 1709 2980 ensuerunt,
1725 2923 1752 2971 et
1765 2930 1813 2971 eos
1827 2913 1874 2985 qui
1889 2913 1917 2968 in
1928 2913 1986 2984 epi·

448 3024 555 3066 ’eorum
572 3009 750 3068 deambulans
766 3012 888 3084 ipsorum
901 3013 1070 3085 profectibus
1081 3017 1145 3070 reli·
1196 3023 1308 3086 scopato
1321 3029 1384 3071 cmn
1397 3028 1430 3070 eo
1438 3017 1608 3077 manserunt,
1618 3009 1700 3066 simili
1713 3007 1794 3064 modo
1805 3005 1987 3063 communiter

1194 3120 1222 3167 et
1247 3108 1408 3181 regulariter
1424 3107 1537 3164 risisse.
1552 3103 1631 3173 Quod
1656 3101 1791 3158 antemio
1813 3100 1866 3157 hoc
1889 3099 1986 3156 ordine

460 3191 499 3250 Dc
513 3194 641 3252 domibus
653 3197 734 3253 ctiam
747 3199 949 3264 commonibus,
968 3216 1038 3272 quas
1053 3203 1145 3273 plures
1195 3201 1286 3273 agitur
1298 3200 1334 3257 de
1346 3199 1559 3272 quotoquturur.
1572 3196 1712 3255 sibonum
1730 3200 1783 3258 0⁵1.
1798 3199 1944 3260 lessffllllff
1959 3192 1984 3250 δί

447 3303 452 3340 ι
464 3300 520 3341 uon
540 3286 659 3354 babent,
675 3290 700 3345 si
714 3303 730 3344 a
744 3305 788 3345 me
799 3291 935 3361 requiras,
951 3292 1017 3365 quid
1030 3309 1145 3368 respon·
1194 3309 1401 3367 temptorum,
1418 3293 1585 3366 corrigatur,
1599 3298 1630 3347 ut
1642 3288 1771 3346 Christus
1784 3285 1813 3342 in
1832 3286 1873 3343 eis
1890 3284 1986 3341 laude·

447 3378 549 3445 nescio,
563 3381 616 3437 nisi
630 3381 700 3437 forte
715 3383 777 3453 quis
789 3384 853 3440 relit
866 3385 958 3442 dicere
970 3401 1019 3443 eos
1037 3395 1065 3444 et
1087 3389 1145 3444 siu·
1197 3396 1252 3455 tur,
1268 3395 1296 3444 et
1310 3403 1373 3445 cum
1391 3388 1497 3445 uenerit
1513 3385 1599 3458 judex
1613 3383 1738 3441 omnium
1752 3380 1942 3452 unusquisque
1955 3377 1984 3434 in

447 3490 468 3530 ur
481 3490 563 3548 posse
571 3492 692 3540 manere.
706 3477 778 3535 etde
789 3480 928 3535 communi
942 3495 1025 3551 posse
1038 3481 1157 3539 rivere'
1196 3496 1248 3538 suo
1260 3481 1357 3539 ordine
1372 3495 1519 3552 resurgens
1539 3477 1651 3551 praemia
1668 3484 1772 3533 aeterna
1787 3481 1983 3547 consequatur.

447 3563 513 3622 roim
534 3573 562 3623 et
583 3567 656 3639 apud
676 3569 805 3639 antiquos
823 3571 953 3626 eremitas
977 3571 1142 3638 invertimus,
1156 3579 1178 3638 c
1194 3574 1296 3634 Precor
1303 3583 1394 3633 autem
1404 3574 1567 3631 charitatem
1578 3579 1654 3626 tuam
1665 3570 1822 3642 quicunque
1833 3567 1892 3624 haec
1904 3567 1984 3638 legis,

448 3673 476 3714 ru
499 3659 622 3731 plerique
646 3677 695 3732 per
713 3662 827 3720 cellulas
850 3679 915 3720 suas
939 3666 1103 3733 manebant,
1116 3675 1145 3722 et
1195 3669 1219 3726 si
1235 3668 1299 3726 talis
1311 3683 1353 3733 es,
1367 3666 1411 3723 eui
1427 3665 1500 3723 Deus
1516 3664 1619 3720 tribuat
1633 3662 1822 3728 intellectum,
1836 3659 1860 3717 si
1881 3658 1984 3730 aliquid

461 3751 495 3808 de
507 3753 793 3810 communirircbant.
812 3754 841 3811 st
854 3765 943 3813 nutem
958 3759 1003 3814 brc
1017 3759 1145 3816 similiter
1194 3761 1259 3818 boni
1280 3759 1438 3822 inueneris,
1452 3755 1568 3814 moedis
1581 3753 1745 3821 Dominum
1761 3753 1784 3810 si
1799 3767 1865 3809 rero
1880 3749 1984 3821 aliquid

462 3844 531 3901 nibil
551 3853 598 3900 ant
620 3861 717 3916 parum
742 3848 847 3904 celhdae
864 3849 907 3906 rel
925 3849 1025 3907 domus
1049 3850 1145 3908 divisas
1193 3853 1338 3910 dissonum
1352 3861 1381 3908 et
1395 3852 1578 3922 incongruum
1592 3846 1742 3913 inueneris,
1757 3845 1851 3903 statim
1864 3845 1982 3917 corrige,

447 3942 496 3991 ant.
513 3933 567 3991 Sed
583 3950 646 3992 curn
660 3939 850 4011 unusquisque
866 3937 995 3995 familiam
1004 3949 1143 4012 aggregat,
1193 3945 1267 4016 quod
1281 3943 1404 4001 notabile
1418 3941 1563 4013 repereris.

447 4043 470 4083 a·
488 4037 515 4084 et
529 4029 658 4086 muheres
680 4045 773 4086 secum
795 4046 908 4088 manere
923 4033 1100 4104 permittunt,
1114 4042 1144 4089 tu
1231 4034 1439 4108 tabescimus
1454 4034 1538 4107 igitur
1555 4029 1664 4088 duobus
1683 4027 1827 4102 tripertitis
1839 4024 1983 4083 ordinibus

447 4115 505 4174 ides
519 4118 585 4189 quid
600 4117 888 4194 indecentingat.Sed
900 4131 931 4178 ut
943 4121 1047 4194 ahquid
1061 4122 1144 4180 etiam
1194 4126 1394 4186 monachorum
1421 4133 1449 4183 et
1476 4123 1695 4187 canonicorum,
1724 4133 1843 4192 quorum
1872 4115 1983 4188 partitio

447 4223 507 4265 tum
521 4209 557 4265 de
570 4209 787 4270 habitationibus
811 4229 905 4270 eorum
926 4213 1060 4278 dicamus.
1073 4230 1144 4286 quo-
1194 4221 1282 4292 prima
1294 4219 1398 4278 dicitur
1410 4217 1597 4277 eremitarum,
1613 4212 1661 4284 qul
1676 4209 1835 4282 frequenter
1847 4215 1899 4264 eta
1912 4216 1984 4263 rete·

447 4316 504 4358 ⁰¹¹²
519 4303 631 4360 ¹³¹¹&OE
651 4306 779 4363 wilmus
792 4314 820 4362 el
834 4306 958 4379 difluere·
976 4307 1143 4378 iunioribus
1193 4313 1271 4371 ribus
1286 4310 1414 4370 monachu
1427 4307 1556 4383 appellati
1581 4313 1663 4372 sunt,
1678 4318 1734 4360 uno
1747 4309 1838 4358 autem
1856 4300 1903 4371 qui
1926 4314 1981 4355 non

448 4395 508 4466 ipse
533 4397 611 4453 locus
641 4396 819 4455 habitationis
843 4415 939 4457 eorum
963 4401 1143 4456 ecelesiarum
1193 4406 1222 4462 ht
1240 4419 1356 4462 numero
1366 4397 1685 4471 ecclesiastieoeliegulm,
1694 4396 1721 4452 id
1731 4402 1775 4454 est
1784 4393 1983 4450 monachornm

447 4502 467 4542 Β
491 4494 534 4544 θθῑ
559 4490 721 4560 mullibus.
750 4498 778 4547 et
803 4491 953 4548 claustmm
978 4491 1141 4563 tbnelhlur·
1193 4495 1366 4555 secularium
1380 4491 1553 4551 solummodo
1567 4498 1641 4548 tecto
1651 4497 1679 4545 et
1693 4483 1876 4554 relicto,etde
1887 4483 1979 4540 medio

447 4577 517 4634 imus
532 4579 616 4634 etiam
637 4580 664 4635 in
694 4581 819 4652 pluribus
838 4581 906 4638 locis
930 4582 1083 4649 obseruari,
1108 4596 1144 4637 nc
1193 4588 1316 4647 ecclesia
1333 4586 1437 4643 utinsnr
1457 4583 1582 4646 sublato,
1597 4581 1659 4638 aliis
1680 4595 1747 4637 vero
1770 4576 1913 4634 ordinibus
1931 4589 1981 4645 1)ιο

447 4677 537 4726 0ῑοῑο
560 4671 607 4726 il¹⁰
621 4672 713 4743 ὃβιῑίο
728 4674 857 4730 ⁸³³0th
872 4661 981 4745 tillut,
996 4687 1030 4729 ne
1046 4673 1142 4744 quida
1194 4694 1275 4752 posse
1295 4675 1494 4734 commendatis
1514 4681 1542 4731 et
1564 4671 1702 4736 laudatis,
1716 4668 1762 4725 ute
1784 4667 1890 4740 primus
1912 4664 1982 4720 liber

449 4778 494 4818 am
506 4763 631 4835 iocosum
645 4766 793 4822 autminus
808 4765 964 4838 religiosum
979 4763 1035 4820 hat.
1052 4762 1143 4821 femi·
1194 4767 1396 4841 professionum
1418 4766 1461 4824 rel
1474 4766 1645 4824 diversorum
1668 4760 1797 4822 ordinum
1811 4757 1858 4832 qui
1873 4762 1939 4814 tunt
1952 4754 1982 4812 itt

448 4859 502 4916 iam
513 4861 548 4916 ab
559 4862 613 4920 illis
628 4861 695 4920 locis
708 4864 814 4929 arceri,
829 4873 856 4921 et
867 4863 970 4934 gratias
984 4861 1050 4927 lieo,
1066 4861 1140 4935 quod
1192 4861 1315 4919 Ecclesia
1330 4860 1411 4917 finem
1426 4858 1552 4933 accipiat.

884 5018 928 5091 thr
941 5036 990 5076 ms.
1010 5018 1098 5074 codice
1113 5017 1297 5076 desiderantur
1310 5017 1359 5074 ulii
1367 5016 1451 5092 fiiri.)
