5125 7059
475 660 529 720 263
987 652 1127 713 stcanbt
1143 651 1390 713 casauriensis
1408 651 1563 711 EPISGOPi
2048 654 2101 714 455

474 783 554 840 beato
575 778 654 837 Sixto
676 779 801 838 donarit.
815 778 959 852 Philippus
983 793 1096 838 sererus
1119 779 1183 849 init,
1201 788 1229 836 et
1243 794 1259 835 a
1274 783 1298 841 Α
1311 793 1408 836 manos
1422 793 1488 835 ann.
1502 794 1510 834 ι
1534 793 1623 837 meus.
1634 794 1672 837 ιι.
1682 778 1733 839 liic
1744 792 1846 851 parcus
1858 775 1929 845 iuit,
1943 773 2099 834 modestus.

475 872 557 932 Decio
571 874 652 930 ambo
666 873 750 930 occisi
766 881 842 929 sunt.
1308 872 1414 942 justus,
1429 880 1457 928 et
1471 872 1596 943 rependas
1609 872 1768 944 reipublicas
1783 872 1914 938 idoneus;
1928 868 1978 940 qui
1993 866 2101 923 Gothos

705 966 743 1022 De
761 967 842 1022 Decio
860 978 1030 1039 imperatore.
1311 958 1448 1034 illyricum
1473 970 1502 1018 et
1517 960 1705 1020 Macedoniam
1730 970 1872 1019 vastantes
1887 958 1985 1033 praelio
2014 958 2099 1022 ricit;

515 1059 596 1117 Auno
614 1059 723 1118 Domini
745 1061 811 1128 257,
833 1059 932 1117 Decius
951 1061 1024 1132 apud
1046 1059 1199 1127 Romanos,
1215 1075 1261 1116 re-
1310 1055 1477 1113 hlamannus
1501 1055 1573 1126 apud
1599 1054 1702 1112 Lacum
1726 1054 1864 1113 Benacum
1887 1051 2041 1124 superarit.
2060 1047 2102 1105 (lh

475 1152 567 1225 pnarit
587 1169 652 1209 anu.
675 1168 702 1219 ι,
716 1167 804 1208 meus.
828 1167 870 1209 ιιι.
891 1152 941 1209 liic
962 1154 998 1209 de
1017 1151 1160 1210 Pannonia
1176 1161 1260 1209 natus
1310 1163 1370 1222 quae
1384 1149 1495 1223 clypeus
1509 1160 1649 1207 aureuset
1669 1164 1754 1206 aurea
1769 1157 1861 1206 statua
1883 1145 1939 1203 luit
1951 1145 1978 1202 ei
1995 1144 2023 1200 in
2046 1143 2100 1199 Ga·

445 1285 449 1292 .
476 1246 537 1302 luit.
557 1245 644 1301 Ciuile
669 1246 771 1302 bellum
795 1246 970 1316 compressit.
995 1245 1096 1302 Filium
1127 1261 1259 1303 carcarem
1310 1242 1407 1316 pitolio
1424 1243 1609 1311 collocata,et
1629 1249 1693 1313 post
1715 1240 1926 1298 mortemdirus
1946 1236 2101 1309 appellatus

476 1338 557 1395 iecit:
587 1349 615 1394 ct
641 1353 703 1396 cuur
733 1336 873 1409 Philippos
893 1347 999 1410 patrcru
1017 1347 1045 1396 et
1071 1339 1157 1395 illium
1187 1340 1261 1397 occi·
1309 1345 1361 1393 est.
1387 1335 1489 1392 Eodem
1515 1344 1640 1405 tempore
1661 1333 1786 1406 Dionysii
1809 1348 1909 1406 pape,
1927 1329 2055 1397 Claudii,
2075 1337 2101 1385 et

473 1435 568 1498 disset,
586 1432 721 1489 inedium
737 1445 832 1488 eorum
848 1432 1021 1490 Christianos
1031 1445 1192 1506 persecutus
1205 1442 1259 1501 est,
1311 1425 1448 1485 Valeriani
1459 1468 1467 1496 ,
1480 1435 1507 1483 et
1529 1425 1645 1483 Gallieni
1662 1425 1723 1497 ejus
1741 1423 1801 1492 lilii,
1814 1422 1917 1479 Paulus
1936 1419 2099 1478 Samosate·

473 1533 501 1580 ct
514 1524 609 1582 heatus
624 1523 803 1579 Laurentium
817 1532 844 1579 ct
859 1522 1032 1596 Hippolytum
1045 1524 1190 1582 interiecit.
1207 1524 1259 1581 De-
1310 1536 1363 1577 nus
1382 1519 1527 1578 haereticus
1541 1520 1666 1587 exstitit,
1680 1519 1729 1593 qui
1742 1518 1883 1575 Christum
1903 1514 1995 1571 solum
2010 1512 2101 1569 horui·

472 1614 534 1671 cius
547 1628 563 1670 a
574 1613 685 1670 diaholo
694 1622 721 1669 ct
732 1615 766 1670 ab
778 1614 904 1671 hostibus
915 1616 1089 1673 interheitur.
1310 1629 1373 1670 nem
1385 1613 1577 1670 confitebatur.
1598 1612 1632 1670 Et
1652 1611 1786 1679 Manena
1806 1624 1864 1682 nuo
1879 1605 2042 1674 ilanichaei,
2053 1602 2099 1676 qui

607 1708 647 1764 De
665 1707 743 1762 Gallo
759 1725 818 1762 curn
833 1709 890 1779 filio
904 1726 953 1766 ruo
972 1710 1127 1767 Volusiano.
1310 1703 1364 1761 init
1387 1705 1422 1762 tie
1438 1705 1569 1773 Perside,
1584 1706 1632 1777 qui
1648 1720 1723 1762 nuuc
1747 1703 1859 1760 dicebat
1881 1718 1911 1758 se
1932 1699 2099 1760 Christum,

507 1799 587 1856 Anno
605 1799 641 1855 ab
666 1799 857 1857 incarnatione
874 1801 983 1859 Domini
1001 1802 1072 1872 258,
1087 1805 1182 1862 Gallus
1196 1821 1258 1863 cum
1309 1814 1384 1854 nuuc
1408 1797 1599 1856 Paracletum:
1615 1808 1643 1855 et
1665 1797 1729 1856 lecit
1756 1795 1900 1853 duoDecim
1947 1791 2101 1864 discipulos

472 1893 529 1950 Dlio
542 1907 593 1949 suu
606 1891 765 1960 Volusiano,
777 1895 900 1967 regnarit
910 1895 981 1966 apud
993 1894 1132 1954 Romanos
1142 1915 1209 1957 ann.
1222 1915 1257 1966 ιι,
1309 1890 1344 1947 nd
1368 1890 1455 1946 instar
1473 1891 1585 1947 Ghristi.
1608 1889 1642 1946 Et
1661 1888 1807 1961 praedictus
1835 1884 1970 1942 Claudius
1993 1881 2095 1939 utorbo

473 2001 562 2042 mens.
578 2000 615 2041 rr.
633 1985 682 2042 liis
696 1987 865 2057 temporibus
886 1987 939 2043 luit
950 1989 1044 2059 pestis,
1059 2006 1121 2062 quar
1131 2006 1200 2061 pene
1210 2008 1259 2063 ge.
1310 1983 1388 2041 obiit.
1404 1982 1471 2040 Post
1489 1983 1640 2051 Quintilius
1658 1982 1744 2040 irater
1758 1980 1866 2038 Claudii
1879 1980 2031 2050 imperatur
2051 1975 2101 2032 eli·

473 2093 527 2135 nus
551 2078 703 2133 humanum
725 2077 866 2134 exstinxit.
881 2079 922 2135 tio
940 2078 1017 2150 Ejula
1042 2081 1186 2139 occiditur.
1210 2081 1259 2139 llis
1310 2080 1394 2153 gitur.

473 2169 643 2240 temporibus
662 2169 715 2225 luit
734 2167 857 2225 Nuratus
878 2169 1020 2228 Romanus
1041 2173 1182 2246 presbyter
1204 2174 1259 2230 ha·-
1483 2172 1523 2228 De
1545 2171 1677 2238 Quintilio
1697 2170 1782 2241 fratre
1799 2166 1920 2224 clandit.

473 2264 587 2327 reticos,
606 2276 621 2317 a
638 2277 694 2333 quo
719 2262 860 2319 Noratiani
876 2263 943 2320 dicti
962 2274 1040 2332 sunt;
1061 2265 1110 2323 sed
1131 2282 1162 2324 se
1183 2266 1259 2337 ipsos
1346 2270 1425 2327 duno
1443 2267 1552 2326 Domini
1569 2266 1643 2335 ard,
1657 2263 1811 2334 Quintilius
1835 2262 1922 2318 irater
1945 2256 2057 2316 Claudii
2084 2273 2100 2312 a

473 2369 528 2411 non
541 2352 718 2421 horatianos,
736 2354 784 2411 sed
806 2353 943 2412 Gatharos
961 2358 1152 2428 appellabant,
1171 2359 1198 2414 id
1216 2371 1260 2417 est
1310 2371 1406 2418 senatu
1425 2362 1576 2431 imperatur
1590 2358 1717 2429 elicitum
1734 2356 1783 2412 sed
1796 2371 1843 2411 ιιι
1863 2355 1909 2411 die
1922 2351 1966 2410 sui
1991 2348 2100 2421 imperii

472 2447 612 2513 muudus,
638 2454 748 2518 propter
774 2447 959 2518 munditicm3
988 2450 1123 2507 secundas
1151 2451 1260 2522 nuptias
1310 2456 1383 2529 apud
1397 2453 1569 2526 Aquilegiam
1583 2450 1729 2509 occiditur.

472 2552 529 2593 non
554 2537 755 2605 admittebant,
786 2540 1038 2598 reconciliationem
1062 2542 1260 2613 penitentibus
1511 2544 1551 2599 De
1568 2541 1715 2598 Aureliano
1732 2541 1903 2610 imperatore.

473 2628 654 2702 denegabant.
666 2627 724 2686 iloc
737 2638 857 2701 tempure
873 2630 974 2690 Lucius
986 2647 1056 2704 papa
1068 2630 1163 2690 Romu
1176 2634 1258 2691 sedit.
1345 2640 1426 2696 huno
1457 2635 1566 2694 Domini
1590 2632 1661 2702 att,
1688 2632 1854 2690 Aurelianus
1876 2628 2003 2702 regnarit
2025 2625 2098 2699 apud

675 2721 714 2778 De
729 2721 877 2779 AEmffivw
892 2727 1060 2795 impartim-
1311 2731 1451 2790 Romanos
1469 2746 1535 2787 arrn.
1556 2745 1584 2796 ιι,
1601 2743 1689 2785 meus.
1702 2742 1742 2784 rr.
1765 2723 1815 2782 Vir
1835 2725 1864 2780 iu
1887 2723 1960 2780 bello
1981 2729 2099 2794 potens,

508 2814 588 2871 A¹¹¹¹⁰
612 2813 1111 2882 ⁰0¹1111152582AEml¹5²¹¹l1⁵¹¹²¹5⁰¹¹0
1132 2815 1258 2887 multis.
1310 2825 1385 2882 haud
1409 2823 1553 2880 dissimilis
1568 2820 1740 2886 alexandre
1766 2817 1813 2888 qui
1835 2816 1924 2873 tribus
1946 2812 2052 2887 praeliis
2071 2811 2098 2867 iu

474 2907 598 2979 regnarit
618 2907 690 2977 apud
711 2906 851 2966 Romanos
875 2925 966 2967 meos.
988 2925 1019 2978 ιι,
1034 2911 1116 2967 tertio
1139 2927 1260 2986 uamqse
1309 2919 1397 2986 ltalia,
1414 2917 1521 2974 scilicet
1536 2913 1608 2987 apud
1623 2912 1794 2970 Placentiam
1810 2920 1838 2968 et
1858 2907 1988 2965 Ticinum
2010 2906 2097 2963 vietor

473 3015 568 3058 ¹¹¹²¹¹⁵0
583 2999 636 3055 ¹⁰¹2
649 2994 757 3071 P⁰3¹¹³¹¹¹
773 3001 1089 3074 ¹l'1'2ssssid5800011Pffl·
1309 3011 1424 3071 exstitit.
1443 3009 1601 3075 Tetricum,
1616 3005 1664 3078 qni
1677 3005 1769 3060 adhuc
1784 3000 2038 3067 Galliaruteuehat,
2053 3014 2095 3054 su·

674 3091 713 3147 De
732 3092 872 3148 Vlltft'tttw
886 3106 910 3150 et
927 3092 1059 3151 Gallieno·
1309 3104 1433 3176 peravit3
1463 3110 1491 3158 et
1515 3097 1672 3155 Aurelianis
1701 3095 1841 3152 ciuitatem
1876 3091 2049 3156 miidcarit,
2071 3098 2096 3146 et

517 3186 598 3242 Anno
612 3184 722 3240 Domini
734 3185 798 3254 258,
819 3183 989 3256 Valerianus,
1005 3198 1033 3245 et
1048 3187 1187 3248 Gallienus
1206 3189 1260 3247 Va·
1310 3193 1457 3251 zenobiam
1474 3206 1588 3249 uxorem
1602 3189 1741 3261 quondam
1759 3186 1895 3254 Odenati,
1909 3201 1973 3259 quae
1987 3194 2097 3242 mortuo

473 3278 571 3337 leriani
586 3278 670 3344 tilius,
683 3276 805 3349 regnavit
821 3276 893 3349 apud
909 3276 1051 3335 humanos
1061 3295 1125 3337 ann.
1141 3297 1187 3337 ιι.
1204 3279 1259 3337 i'a-
1309 3288 1369 3342 uiro
1390 3286 1481 3341 adhuc
1495 3283 1617 3340 Drieutis
1643 3280 1755 3339 tenebat
1777 3279 1941 3352 imperium,
1956 3277 2097 3350 superarit

473 3370 596 3427 lerianus
615 3369 642 3424 in
659 3366 765 3424 llhtetia
778 3369 881 3426 ciectus
897 3380 940 3426 est
956 3371 992 3427 ab
1007 3373 1139 3430 exercitu.
1157 3372 1259 3430 Gallie·
1309 3378 1383 3451 apud
1397 3377 1489 3434 luruas
1505 3392 1559 3432 nou
1584 3376 1664 3446 louge
1682 3375 1717 3431 ab
1731 3371 1889 3430 Antiochia.
1905 3369 1980 3428 Gum
2004 3369 2096 3442 itaquo

474 3480 526 3520 nus
549 3461 645 3519 Romae
668 3476 684 3517 a
712 3470 819 3518 senatu.
846 3461 1007 3520 Valerianus
1033 3475 1195 3536 persecutus
1218 3477 1294 3553 estc
1311 3471 1432 3527 triennio
1454 3467 1608 3524 Ronlanum
1625 3467 1719 3522 orbem
1733 3466 1769 3522 ab
1784 3462 1960 3522 invasoribus
1978 3463 2095 3519 liberas·

473 3561 658 3626 Christianus,
675 3560 792 3616 sednon
808 3559 1019 3634 diu,cyuiadum
1038 3563 1138 3620 bellurn
1154 3577 1259 3638 pareret
1311 3574 1367 3632 set,
1384 3563 1540 3636 ingrediens
1559 3560 1674 3617 Rumam
1690 3559 1862 3631 triumphurn
1887 3557 2003 3625 habuit,
2016 3554 2095 3629 quasi

474 3653 503 3709 in
523 3651 737 3722 llesoputamia,
754 3660 851 3721 eaptus
864 3661 906 3708 est
924 3666 939 3707 a
960 3651 1065 3725 Sapore
1077 3669 1141 3727 repe
1157 3654 1258 3713 Persa·
1309 3669 1436 3729 receptor
1453 3653 1592 3721 Orientis,
1610 3653 1827 3727 praecedentibus
1840 3666 1904 3708 eum
1930 3650 2057 3718 Tetrico,
2069 3658 2096 3705 et

472 3758 551 3811 rum,
566 3751 595 3799 et
608 3741 680 3814 apud
694 3740 811 3798 Parthos
827 3742 941 3815 iynobili
954 3745 1085 3802 servitute
1099 3750 1256 3805 consenuit.
1309 3749 1441 3806 Zenobia.
1456 3746 1507 3804 iiic
1531 3747 1638 3820 primus
1661 3745 1733 3817 apud
1749 3744 1889 3802 Romanos
1907 3744 2037 3802 diadema
2051 3759 2095 3801 ca·

471 3834 542 3892 iiam
558 3835 646 3906 Sapor
664 3849 765 3906 equum
780 3849 957 3905 ascensurus,
969 3838 1066 3909 pedem
1088 3838 1149 3912 ejus
1168 3843 1257 3897 cerri·
1308 3841 1358 3914 piti
1385 3855 1438 3897 suo
1463 3839 1606 3910 imposuit,
1622 3848 1650 3895 et
1672 3846 1771 3894 aurata
1794 3847 1871 3895 reste
1885 3853 1954 3895 usus
1976 3847 2032 3894 est.
2046 3835 2095 3893 ilie

473 3930 552 3987 cibus
565 3929 732 3998 imponebat.
749 3926 889 3986 Gallienus
899 3944 965 3986 reru
978 3930 1055 4001 prius
1069 3928 1195 4000 feliciter,
1210 3933 1258 3988 dc-
1307 3930 1425 3987 Romam
1451 3929 1620 3986 firmioribus
1639 3929 1727 3985 muris
1750 3929 1846 3985 cinxit
1875 3926 2022 4001 Templum
2043 3929 2093 3986 soli

472 4039 549 4081 muru
568 4021 722 4094 perniciose
736 4022 820 4093 pessit
842 4022 999 4095 imperium.
1013 4021 1081 4080 Nam
1103 4039 1137 4082 eo
1153 4025 1180 4082 in
1195 4042 1256 4083 onr-
1306 4023 1460 4080 edidmus.
1476 4019 1581 4093 Populo
1597 4037 1678 4078 usum
1700 4021 1823 4092 porcina
1842 4020 1937 4078 carnis
1960 4021 2093 4079 instituit

470 4129 536 4173 rtem
554 4112 696 4171 lasciviam
711 4112 858 4182 dissoluto,
873 4112 1003 4170 Germani
1021 4126 1155 4173 uenerunt
1170 4133 1257 4190 usque
1307 4115 1424 4172 Demum
1437 4130 1500 4171 cum
1512 4112 1647 4169 Graeciam
1658 4112 1810 4180 introisset,
1821 4111 1893 4169 iniec
1902 4110 2086 4168 Constantino

468 4207 507 4264 ad
516 4205 686 4262 Ravennam.
700 4205 1080 4277 AlamanninastatisGalliis,
1090 4209 1258 4267 transierunt
1306 4209 1391 4283 polim
1404 4218 1433 4266 et
1446 4206 1604 4266 Heracleam
1616 4204 1719 4262 iumen
1732 4205 1809 4278 juxta
1828 4205 1920 4277 ipsum
1933 4203 2053 4272 cecidit,
2067 4212 2094 4261 et

471 4299 502 4357 iu
524 4297 641 4355 italiam.
666 4298 748 4355 Dacia
770 4299 903 4370 perditur.
932 4299 1053 4368 Graeeia,
1080 4300 1255 4373 llacedonia,
1306 4321 1362 4363 nou
1375 4305 1462 4361 multo
1479 4312 1543 4377 post
1556 4303 1666 4360 occisus
1676 4310 1737 4370 est,
1751 4309 1780 4358 et
1791 4300 1864 4357 inter
1879 4299 2092 4357 munume-

470 4388 587 4458 Pontus,
602 4387 707 4446 etAsia
726 4405 774 4461 per
793 4388 897 4448 Gothos
910 4390 1121 4463 depopulantur.
1144 4393 1256 4452 Panno·
1305 4403 1446 4455 natusest.

470 4482 532 4539 uiss
545 4491 681 4552 occupant
698 4479 808 4547 Parthi,
826 4480 1051 4554 liesopotamiam
1063 4496 1090 4542 et
1101 4487 1254 4560 Assyriam.
1600 4485 1639 4540 De
1658 4483 1799 4541 Floriano.

471 4573 600 4632 Germani
612 4574 790 4630 obtinuerunt
805 4572 962 4646 Hispanias,
977 4586 1161 4650 ceperuntque
1173 4577 1254 4637 Gete-
1339 4582 1420 4637 Anno
1431 4578 1541 4637 Domini
1555 4577 1626 4643 aab,
1642 4576 1789 4635 Florianus
1803 4578 1930 4650 regnarit
1948 4576 2026 4649 xpud
2036 4573 2090 4632 Do·

470 4676 565 4724 tonem
578 4667 728 4724 civitatem.
747 4666 852 4724 ilerum
868 4668 954 4740 igitur
966 4670 1112 4743 imperium
1128 4671 1255 4730 Romano
1304 4686 1403 4731 manos
1426 4687 1515 4728 mens.
1534 4686 1571 4739 ιι,
1587 4670 1685 4727 diebus
1705 4685 1787 4726 ιιιιι.
1806 4667 1849 4724 tVii
1872 4668 1929 4741 epit
1955 4667 2090 4726 memoria

470 4761 524 4817 luit
540 4760 645 4817 nomini
660 4760 855 4831 perniciosum.
870 4759 982 4819 illorum
997 4764 1105 4835 ignaria
1122 4781 1171 4823 sen
1186 4767 1255 4823 inle-
1304 4768 1429 4839 dignum.
1440 4763 1470 4820 lu
1482 4763 1588 4820 Tharso
1604 4762 1748 4820 occiditur.

469 4854 574 4911 licitate
594 4852 690 4909 Galliae
716 4853 828 4909 demum
853 4869 903 4925 per
927 4853 1126 4926 Posthumuur,
1151 4860 1199 4929 qui
1225 4856 1291 4915 inD
1527 4855 1567 4911 De
1586 4853 1678 4910 Tacito
1697 4856 1867 4926 imperatore.

470 4944 558 5003 Gallia
573 4959 723 5016 purpuram
749 4945 874 5017 accepit,
899 4955 1015 5018 recepte
1037 4957 1111 5006 suut.
1137 4948 1253 5007 Demum
1339 4948 1419 5005 huno
1433 4947 1542 5004 Domini
1552 4947 1623 5014 282,
1636 4946 1750 5004 Tacitus
1763 4947 1887 5021 regnarit
1901 4947 1977 5019 apud
1990 4944 2089 5005 huua-

469 5037 610 5096 Galiienus
620 5037 766 5094 blediolani
781 5040 909 5097 moritur.
924 5040 1072 5114 Dionysius
1085 5059 1154 5115 papa
1169 5060 1253 5116 paro·
1304 5055 1356 5099 nos
1369 5055 1458 5096 meus.
1469 5053 1508 5094 rt.
1528 5034 1575 5093 Vir
1584 5037 1721 5111 egregius.
1736 5035 1790 5094 Sed
1803 5037 1872 5094 nihil
1884 5037 1993 5109 potuit,
2004 5048 2089 5096 morte

468 5130 546 5186 cbias
558 5130 660 5196 divisit,
675 5140 703 5185 et
716 5131 744 5187 in
757 5132 873 5203 singulis
893 5143 1002 5204 propter
1019 5139 1182 5206 prenitentes
1196 5137 1253 5194 siu·
1304 5142 1469 5208 praeuentus.
1845 5208 1847 5212 7

469 5224 549 5295 gulos
570 5224 688 5279 instituit
700 5226 866 5282 sacerdotes.
887 5226 920 5282 Et
930 5236 992 5298 post
1005 5242 1067 5284 euru
1082 5228 1156 5285 Felix
1172 5245 1251 5303 papa.
1614 5222 1654 5278 De
1678 5221 1774 5278 Proit-

469 5317 528 5372 Sub
554 5315 607 5373 boc
628 5315 752 5373 Gallieno
777 5329 880 5389 septem
899 5320 1008 5392 tyranni
1035 5333 1217 5394 regnaverunt
1243 5342 1251 5379 ε
1338 5318 1418 5374 hurro
1434 5315 1542 5373 Domini
1556 5315 1621 5381 285,
1634 5314 1742 5371 Probus
1756 5313 1880 5387 regnarit
1898 5316 1974 5388 apud
1990 5316 2088 5375 Doma-

468 5410 575 5484 primus
589 5409 722 5467 Geminus
734 5409 805 5479 apud
820 5408 957 5477 Nursam,
976 5413 1113 5470 secundus
1133 5412 1252 5470 Posthu·
1304 5425 1354 5466 nos
1374 5425 1440 5467 ann.
1462 5426 1509 5477 ιι,
1536 5425 1625 5465 mens.
1645 5424 1687 5464 ιιι.
1706 5405 1754 5462 Vir
1781 5408 1909 5466 militaris
1926 5418 1956 5467 et
1990 5412 2085 5478 civilis,

466 5518 531 5560 mus
542 5503 635 5559 decem
654 5502 734 5559 aunis
749 5503 778 5557 in
790 5502 878 5560 Gallia
893 5519 1011 5579 regnans
1032 5507 1178 5575 occiditur,
1195 5519 1250 5566 ter-
1302 5503 1350 5573 uui
1364 5502 1466 5560 Gallias
1488 5518 1504 5559 a
1526 5501 1651 5559 trarbaris
1666 5509 1815 5572 000¹¹P⁸²²⁸
1838 5502 1954 5574 Νθ’)θΙῆῑ·
1969 5501 2006 5561 Εῑ
2026 5520 2084 5562 Μ

466 5593 522 5650 tius
542 5592 708 5651 Emilianus
722 5592 868 5666 ilaguntiae
893 5596 1038 5663 occiditur,
1054 5609 1170 5669 quartus
1195 5599 1252 5656 iia-
1304 5597 1374 5652 bella
1398 5596 1542 5651 innumera
1566 5595 1726 5666 peregisset,
1746 5607 1840 5665 paoem
1854 5592 1916 5651 orbi
1941 5610 2084 5670 reeupera-

466 5688 525 5744 rius
549 5687 648 5743 ibidem
672 5685 846 5753 interficitur,
870 5688 984 5759 quintus
1007 5689 1166 5748 Victorinus
1187 5690 1252 5749 Gai·
1303 5690 1355 5758 rit,
1371 5689 1477 5756 dicens,
1488 5688 1624 5745 nuilitcsiu
1633 5688 1708 5744 breti
1721 5691 1891 5746 necessarios
1903 5704 1960 5747 uon
1970 5691 2082 5749 iuturus.

465 5779 510 5836 liae
523 5788 633 5835 creatur
643 5787 671 5834 et
681 5779 825 5847 occiditur,
840 5789 934 5837 sextus
951 5778 1251 5843 Tetricusamiiitihus
1302 5780 1355 5838 lste
1371 5780 1512 5837 Probusa
1537 5780 1671 5837 militibus
1696 5781 1841 5837 occiditur·
1869 5778 1932 5852 lpse
1956 5789 2082 5856 imnum·
2132 5812 2137 5849 r

465 5872 611 5940 occiditur,
623 5870 756 5942 septimus
771 5871 883 5929 hiaurus
894 5872 921 5928 iu
939 5871 1017 5946 Syria
1029 5876 1066 5933 ab
1080 5892 1166 5935 uxore
1178 5878 1251 5935 occi-
1303 5874 1419 5939 occidit,
1434 5873 1601 5943 Saturnum,
1623 5872 1771 5930 Proculum
1786 5885 1813 5930 et
1836 5871 1989 5932 botrosum.
2003 5874 2080 5948 (κὶα
2127 5893 2137 5948 y

466 5965 551 6023 ditur.
1302 5970 1471 6041 tenporibus
1496 5970 1573 6027 Felix
1586 5970 1681 6028 home
1701 5971 1772 6028 sedit
1784 5972 2003 6045 episcopus,cui
2022 5987 2079 6032 sac·
2123 5994 2128 6036 t

682 6061 718 6118 De
734 6060 847 6118 Claudio
868 6062 1038 6134 imperatore.
1302 6059 1385 6114 cessit
1408 6056 1595 6130 Eutychianus
1612 6059 1706 6115 Romae
1721 6061 1876 6132 episcopus.
1895 6060 1931 6117 Et
1950 6063 1998 6123 bis
2017 6074 2076 6122 ten·
2118 6092 2137 6138 q

501 6151 580 6210 duno
595 6151 704 6212 Domini
727 6154 791 6223 alt,
808 6153 940 6213 Claudius
962 6153 1086 6227 regnauit
1104 6153 1174 6223 apud
1191 6151 1249 6208 ilo·
1302 6154 1414 6228 poribus
1429 6153 1544 6211 hrrutuit
1567 6155 1680 6213 haeresis
1694 6155 1928 6227 liauicharorum,
1947 6154 2074 6233 dumeti·
2106 6086 2137 6243 s·

2103 6246 2108 6279 l
