5125 7059
613 677 667 734 525
1148 674 1282 734 stonum
1303 675 1549 736 cuunouudsts
1569 675 1722 735 utriscum
2184 681 2235 740 bil

612 793 704 848 uulnus
725 790 835 847 illorum
862 807 925 847 euru
953 805 1054 862 magno
1069 791 1192 847 exercitu
1215 792 1244 848 in
1269 794 1400 849 strictura
1413 798 1438 856 Α
1452 793 1637 850 liebuonrmae
1655 795 1700 851 die
1719 804 1857 867 noctuque
1871 798 1972 855 aeriter
1988 797 2197 871 impugnabant,
2211 811 2235 858 et

611 884 746 939 montium
769 885 915 940 transitum
942 885 1114 954 prohibebat,
1131 883 1236 948 diceus.
1252 886 1325 956 quod
1344 901 1399 941 non
1450 882 1724 955 Clrrlstianispraeter
1745 903 1844 945 earnes
1855 892 1971 962 equinas
1985 893 2115 949 victualia
2127 895 2235 952 deddc·

612 976 772 1042 transirent,
786 976 840 1032 nisi
855 984 965 1031 eentum
980 977 1148 1032 summarios
1160 991 1229 1033 auro
1242 987 1270 1033 et
1286 987 1400 1048 argento
1449 977 1525 1032 baut.
1538 977 1663 1049 Cumque
1684 995 1738 1035 non
1759 982 1927 1039 invenissent
1940 1000 2040 1056 aquarn
2054 1002 2103 1057 per
2121 986 2196 1043 diem
2209 998 2235 1044 et

611 1075 741 1122 oneratos
765 1067 871 1123 darent.
896 1065 1048 1137 imperator
1072 1078 1163 1124 autem
1194 1070 1347 1142 respondit,
1370 1084 1400 1123 se
1449 1076 1569 1136 uectem,
1585 1069 1805 1142 'lureoquodam
1824 1084 1905 1144 capto
1923 1076 2048 1146 docente,
2063 1095 2167 1149 aquarn
2185 1081 2234 1137 521.

609 1155 727 1212 libenter
737 1157 814 1222 dare,
826 1151 872 1212 s'ed
887 1173 940 1212 non
958 1156 1010 1213 nisi
1029 1157 1196 1213 menolatum
1208 1156 1400 1214 onumluter·
1449 1173 1507 1213 sam
1527 1158 1658 1213 sirmundi
1682 1169 1710 1214 et
1731 1159 1847 1219 iameliei
1865 1179 2035 1234 repererunt.
2058 1167 2155 1226 Altera
2172 1184 2234 1226 veru

610 1248 647 1303 im
661 1249 748 1303 nuntii
765 1248 882 1316 soldani,
899 1248 945 1318 qui
967 1247 1154 1305 fraudulenter
1173 1250 1308 1307 ducebant
1323 1264 1398 1317 eum,
1448 1249 1492 1304 die
1519 1253 1703 1306 castrametati
1731 1263 1795 1309 sunt
1810 1254 1837 1309 in
1862 1256 1991 1313 viridario
2005 1258 2102 1323 leonii.
2117 1262 2234 1319 ciuitatis

608 1341 747 1408 dicebant,
775 1342 849 1411 qnml
877 1341 931 1395 cito
955 1342 1089 1398 iutrarent
1113 1351 1212 1397 terram
1235 1341 1353 1407 soldani,
1370 1342 1397 1397 in
1447 1340 1578 1405 isaurie,
1602 1344 1673 1399 unde
1702 1345 1834 1402 suldanus
1865 1348 2022 1419 imperatori
2045 1354 2231 1422 niaridaverat,

607 1450 664 1504 qua
680 1449 747 1506 gens
762 1435 807 1488 illa
824 1434 876 1489 sibi
889 1435 1004 1490 ulterius
1018 1450 1071 1489 non
1097 1444 1217 1490 noceret.
1232 1433 1311 1490 'lune
1332 1436 1397 1506 quia
1447 1434 1521 1506 qnod
1536 1435 1607 1491 male
1627 1435 1777 1494 intraverat
1791 1447 1892 1496 terram
1912 1457 2001 1498 suam.
2018 1442 2173 1511 lmperator
2187 1462 2234 1504 au·

609 1526 681 1582 lleus
696 1540 751 1581 nou
767 1526 880 1580 dimittit
894 1535 1038 1596 sperantes
1052 1527 1079 1580 in
1094 1541 1133 1593 se,
1148 1527 1259 1597 quidam
1274 1509 1397 1583 admira·
1448 1535 1502 1581 tem
1517 1528 1624 1584 remisit
1649 1544 1785 1598 quaerens,
1808 1531 1831 1586 si
1855 1530 1946 1588 iorum
1961 1535 2104 1604 tribueret,
2118 1553 2155 1593 an
2168 1553 2232 1594 nou.

607 1627 663 1684 tus,
678 1617 780 1673 coelesti
797 1617 883 1686 gratia
910 1616 1060 1685 inspiratus
1073 1617 1141 1685 (ill,
1158 1617 1315 1687 imperatori
1327 1618 1397 1674 adeo
1449 1614 1588 1672 Soldauus
1602 1618 1751 1688 respoudit,
1771 1634 1800 1675 se
1824 1620 1970 1689 daturum;
1995 1622 2044 1680 sed
2062 1639 2128 1681 cum
2153 1625 2233 1683 nimis

608 1709 730 1766 fraudem
744 1710 858 1774 deterit,
882 1718 909 1763 et
927 1709 1050 1778 praelium
1076 1724 1156 1764 marie
1178 1710 1300 1766 initurum
1327 1728 1397 1783 prae·
1446 1722 1540 1762 eurum
1559 1707 1680 1773 ollerret,
1691 1709 1839 1766 Christiani
1861 1728 1890 1769 so
1902 1713 1936 1768 ad
1951 1716 2130 1785 pugnandum
2144 1732 2232 1773 arma·

606 1802 694 1868 dirit3
715 1800 873 1872 faciensque
891 1817 953 1855 eum
979 1800 1129 1870 planitiem,
1158 1801 1185 1856 in
1210 1818 1265 1872 qua
1293 1804 1396 1860 intrare
1447 1796 2128 1876 ruru.EteuriileriaseithuatuorTemporum
2145 1807 2232 1862 immi·

606 1902 738 1965 eoeperat.
753 1892 884 1956 deuitare,
907 1906 968 1945 omn
994 1906 1043 1961 per
1062 1899 1192 1945 montana
1207 1893 1330 1948 deduxit.
1343 1892 1396 1949 Oe·
1446 1898 1533 1955 neret.
1558 1888 1727 1946 Corleiredns
1752 1889 1956 1964 ilerbipolensis
1981 1897 2129 1968 episeopus
2160 1915 2232 1957 asse-

604 1987 725 2044 curritur
737 1986 763 2038 in
778 1984 914 2039 montanis
929 2001 936 2037 ι
950 1983 1015 2038 bine
1026 1984 1089 2039 inde
1101 1995 1251 2056 pugnatum
1268 1987 1315 2042 sed
1331 2003 1394 2043 eum
1446 1996 1544 2035 leitils
1559 1982 1703 2037 sevidisse
1721 1981 1830 2039 brutum
1857 1983 2004 2057 Georgium
2027 1997 2125 2044 eoritra
2140 1989 2231 2046 bostet

604 2079 707 2136 relictis
722 2077 840 2133 sarcinis
851 2086 877 2130 et
892 2075 1043 2144 alimentis,
1058 2075 1114 2130 dur
1129 2076 1264 2133 demente
1280 2079 1395 2135 ririllter
1446 2073 1671 2143 proCliristianis
1692 2074 1798 2132 iorliter
1816 2089 2044 2150 propugnantem,
2062 2080 2168 2138 indicta
2182 2097 2231 2154 pu·

603 2172 800 2237 descendisset,
813 2169 954 2225 deseendit
966 2178 994 2224 et
1010 2169 1169 2240 imperator,
1184 2172 1231 2241 qui
1246 2173 1393 2229 victoriose
1409 2161 1430 2216 Β
1444 2182 1507 2236 gna,
1519 2175 1547 2221 et
1564 2169 1689 2225 earnium
1709 2170 1877 2228 edendarum
1900 2173 1965 2234 data
1979 2172 2100 2241 licentia.
2122 2191 2230 2246 lim·

605 2265 698 2319 lrostes
723 2263 895 2333 impugnant,
921 2269 948 2316 et
972 2271 1103 2332 superant
1127 2263 1252 2319 iniririeos
1269 2283 1276 2318 ι
1293 2265 1319 2320 in
1338 2282 1392 2337 qua
1444 2268 1536 2313 selum
1563 2258 1597 2314 td
1624 2260 1735 2317 belluni·
1756 2260 1790 2317 Et
1809 2263 1866 2319 dut
1888 2264 2000 2335 quidem
2023 2265 2167 2322 ciuitatem
2184 2282 2231 2324 en·

604 2372 694 2427 pugna
709 2355 765 2409 dur
778 2363 854 2424 petra
876 2369 1022 2423 percussus
1040 2353 1111 2410 duos
1125 2354 1220 2412 dentes
1231 2357 1333 2413 amisit.
1350 2358 1392 2412 lib
1444 2365 1579 2420 pugnans.
1595 2366 1656 2406 eim
1674 2354 1790 2409 viriliter
1812 2353 1940 2420 ⁰bli¹¹t¹ilr
1955 2364 1984 2411 0¹
1997 2354 2055 2412 itte
2076 2370 2176 2414 Omnes
2190 2373 2231 2413 ¹0·

603 2447 669 2502 binc
679 2447 834 2502 ductoresa
848 2446 963 2499 soldano
976 2446 1092 2516 delegari
1112 2446 1249 2518 iugerum,
1265 2450 1392 2506 timentes
1442 2444 1527 2500 belles
1542 2445 1653 2501 oceidit.
1666 2445 1816 2518 Imperator
1830 2463 1941 2521 quoque
1955 2447 2012 2521 (5⁸)
2024 2449 2113 2507 fllium
2126 2452 2230 2510 ⁸⁰ld⁸¹tl

603 2555 638 2596 nc
663 2540 776 2595 detectae
809 2539 915 2594 fraudis
943 2540 1091 2609 imperator
1116 2539 1217 2597 laceret
1245 2542 1389 2600 ultionem.
1442 2546 1503 2613 post
1516 2546 1591 2609 terga
1612 2549 1778 2610 pugnantem
1795 2540 1872 2608 vicit,
1887 2541 2022 2599 aeexeis
2041 2542 2229 2601 innumerabi-

602 2634 776 2689 Clrristianus
791 2648 855 2688 reru
866 2633 1003 2686 exereitus
1019 2633 1139 2689 conisus
1155 2634 1182 2689 in
1200 2632 1326 2703 Domino,
1343 2637 1391 2708 qui
1442 2631 1494 2687 lem
1506 2631 1709 2688 multitudinem
1729 2631 1876 2690 ittleriecil.

602 2728 716 2783 deduxit
727 2726 812 2782 lsrael
827 2741 874 2796 pei·
892 2728 1043 2789 desertum,
1061 2720 1217 2796 quindecim
1234 2728 1331 2785 diebus
1343 2745 1391 2800 per
1478 2722 1552 2780 Urbe
1570 2733 1649 2795 capta
1663 2734 1799 2796 potenter,
1814 2727 1946 2784 soldanus
1960 2741 1990 2784 te
2005 2728 2033 2786 in
2047 2731 2228 2789 munitionem

602 2820 750 2891 quamdam
773 2819 912 2890 planitiem
934 2834 1107 2889 progressus,
1129 2834 1238 2875 carriem
1259 2821 1389 2891 equinam
1441 2817 1635 2885 fortissimam,
1649 2835 1710 2891 quae
1724 2830 1782 2876 erat
1801 2820 1828 2875 in
1844 2817 1928 2890 Urbe,
1944 2821 2094 2894 recipient,
2108 2825 2229 2882 arisitad

601 2913 787 2967 comederunt.
815 2910 943 2982 Agrestes
960 2927 1023 2966 rern
1038 2910 1131 2978 Turei,
1147 2913 1295 2982 dequibus
1319 2930 1389 2984 prae·
1441 2912 1636 2981 imperatorem
1648 2912 1754 2981 diceus,
1774 2929 1804 2969 se
1817 2914 1886 2969 velle
1900 2913 1990 2970 iurum
2005 2915 2083 2984 dare,
2104 2925 2135 2973 et
2151 2919 2228 2991 quid·

600 3005 733 3069 diximus,
750 3020 798 3060 eos
822 3006 894 3061 ianae
913 3005 1047 3060 deiecisse
1064 3007 1172 3075 penitus
1187 3008 1388 3076 existimantes,
1440 3004 1601 3074 qrridrellrt
1621 2998 1932 3078 reeipereleperator
1955 3006 2068 3064 obsides
2096 3010 2229 3080 petiit,et

601 3115 698 3156 rursus
710 3101 737 3153 iu
756 3100 856 3154 belluni
871 3109 1020 3169 assurgunt
1043 3115 1126 3170 prope
1140 3100 1277 3156 ciuitatem
1290 3100 1389 3158 Pholo-
1440 3106 1551 3168 propter
1567 3097 1680 3154 lotorem
1701 3098 1866 3155 cadauerum
1880 3100 1970 3171 (erant
1997 3101 2071 3158 enirn
2090 3100 2192 3160 domus
2204 3111 2229 3160 et

601 3208 709 3248 menam
729 3207 826 3261 magna
847 3208 930 3247 manu
953 3193 1069 3247 militum
1087 3192 1244 3263 peditumve
1266 3203 1387 3261 caterva,
1439 3193 1491 3246 ria.
1504 3191 1687 3248 cadaveribus
1708 3193 1806 3263 plene)
1820 3193 1856 3249 ab
1871 3191 1944 3249 Urbe
1958 3191 2172 3252 deseerideusin
2185 3210 2229 3267 po

598 3302 672 3356 qnos
704 3285 903 3341 invictissimus
933 3285 1083 3355 imperuim
1112 3286 1223 3341 devicit.
1258 3285 1293 3341 Et
1324 3302 1387 3341 cum
1440 3282 1547 3336 uroeriis
1561 3291 1772 3338 castrametatus
1785 3291 1837 3338 est.
1849 3281 1929 3339 Dedit
1941 3283 2227 3357 itaquesoldanusob·

599 3378 719 3434 maxima
740 3378 886 3433 multitudo
911 3393 941 3433 se
966 3378 993 3432 in
1018 3378 1135 3446 quadam
1151 3379 1277 3434 clausura
1301 3380 1388 3435 erraeti
1440 3373 1523 3440 sides,
1543 3374 1616 3428 dedit
1639 3383 1667 3430 et
1687 3373 1777 3429 lorum
1794 3383 1821 3430 et
1847 3374 1974 3431 victualia
1999 3391 2148 3448 equorum.
2177 3374 2227 3433 Sed

599 3471 778 3542 recepissem,
795 3471 1006 3525 combusserunt
1021 3469 1164 3525 Teutonici
1181 3470 1340 3538 unirersus;
1361 3481 1388 3527 et
1440 3468 1570 3537 quonlam
1584 3481 1670 3537 equos
1684 3467 1741 3538 ipse
1755 3466 1871 3522 nimium
1887 3482 1966 3524 caros
1986 3466 2107 3526 vendere
2122 3478 2226 3541 satage·

598 3575 702 3619 extunc
724 3573 844 3634 agrestes
859 3562 896 3616 idi
914 3560 1099 3617 triremundi
1116 3578 1170 3616 nou
1186 3562 1299 3618 merum
1311 3580 1389 3618 exer·
1440 3558 1497 3624 bat.
1512 3573 1613 3627 equum
1628 3573 1677 3628 pro
1692 3567 1803 3613 centurn
1818 3557 1940 3614 marchis
1961 3557 2090 3616 videlieet
2112 3559 2227 3617 otloeu·

599 3659 684 3713 citum
701 3656 815 3711 ulterius
829 3655 966 3725 persecrrd
986 3656 1054 3725 (35).
1072 3653 1124 3710 Sed
1145 3656 1230 3711 altera
1245 3657 1289 3711 die
1304 3655 1387 3711 llele-
1441 3659 1491 3713 tes,
1509 3649 1696 3707 aTeutonieis
1713 3659 1826 3708 econtra
1843 3652 1936 3708 dolum
1960 3652 2023 3708 dolo
2044 3667 2227 3725 compensau-

597 3752 689 3806 etinus
704 3749 811 3806 soldani
826 3748 900 3802 lilius
922 3749 995 3802 uenit
1011 3747 1121 3802 obuiam
1138 3764 1200 3802 euru
1215 3749 1347 3813 exercitu,
1361 3757 1389 3804 et
1440 3745 1513 3799 tibus
1526 3760 1575 3814 pru
1589 3745 1700 3800 marelra
1721 3744 1869 3801 Ferruuem
1887 3746 2066 3818 reripiebaut·
2085 3746 2167 3815 0⁰⁰⁶
2180 3763 2227 3804 ⁸⁸¹·

599 3844 633 3899 ad
647 3843 839 3912 imperatorem
856 3842 931 3895 misit
953 3839 1076 3902 uuirtios,
1091 3839 1186 3893 dicens
1202 3857 1208 3892 ε
1227 3837 1362 3894 devertere
1378 3857 1387 3894 :
1439 3836 1517 3890 diens
1533 3837 1674 3904 suldanus,
1686 3839 1762 3893 misit
1784 3839 1818 3894 ad
1835 3839 2028 3910 imperatorem
2043 3854 2225 3913 conquerens,

597 3935 662 4005 qnid
678 3934 847 4004 enirrrlncere
863 3942 952 4003 priter,
978 3947 1037 3984 cum
1065 3929 1175 3984 liobenrn
1190 3930 1268 4000 ploro
1290 3932 1388 3986 cucilla
1438 3933 1510 4000 quod
1526 3931 1667 4003 suipretio
1688 3933 1888 4003 deciperentur.
1909 3934 1959 3990 Cui
1986 3934 2227 4006 respouditiutpe·

597 4043 677 4097 qnam
693 4037 721 4080 ra
740 4026 859 4080 milites?
873 4023 907 4079 Et
925 4040 987 4078 eum
1008 4024 1178 4094 peruenisset
1191 4023 1339 4093 imperatur
1352 4023 1387 4079 ad
1438 4035 1514 4079 rator
1526 4042 1534 4079 ε
1546 4023 1576 4078 Si
1588 4025 1683 4078 bonrum
1692 4026 1882 4097 sorunrdnrenl
1893 4027 1988 4082 boumn
2001 4030 2151 4099 acciperent
2163 4044 2227 4084 nar·

598 4120 744 4191 quemdam
761 4127 870 4189 pontem
883 4116 965 4172 'iurei
980 4116 1109 4186 sugerunt
1121 4127 1184 4172 aute
1196 4126 1223 4173 et
1233 4127 1316 4172 retro.
1332 4117 1386 4173 Sed
1439 4116 1753 4174 clrour.Constitutisuirt
1763 4118 1988 4190 igiturbineinde
1996 4119 2144 4189 justitiarii
2154 4132 2226 4178 maa·

597 4215 652 4269 dur
668 4213 820 4269 anteriores
835 4211 947 4274 derieii,
967 4219 995 4265 et
1012 4211 1161 4281 imperator
1175 4212 1342 4281 posteriores
1357 4213 1385 4266 ln
1439 4217 1523 4264 tores.
1539 4208 1580 4264 dd
1598 4210 1656 4265 inec
1684 4212 1836 4280 procedens
1859 4209 2036 4268 Christianus
2060 4215 2225 4272 enereitma

596 4316 675 4378 parte
690 4306 810 4361 marinna
835 4303 985 4369 interiecit;
1002 4312 1030 4358 et
1052 4304 1092 4359 sie
1116 4313 1225 4374 pontem
1248 4305 1386 4360 exereitus
1439 4300 1603 4370 quibusdam
1627 4301 1781 4372 agrestibus
1795 4300 2008 4368 Tureomaunls,
2021 4301 2071 4375 qui
2092 4319 2150 4360 non
2164 4310 2226 4362 sut

596 4399 775 4471 pertransirit
796 4399 951 4453 uniuersus.
968 4395 1217 4452 Demummnrima
1234 4407 1261 4452 et
1279 4399 1384 4452 intiniia
1438 4392 1472 4448 de
1499 4401 1631 4462 potestate
1660 4394 1783 4455 soldani.
1812 4393 1913 4449 multas
1933 4394 2047 4464 pertulit
2075 4396 2224 4464 molestias,

596 4491 750 4547 'lurcorum
764 4489 958 4545 multitudoer
978 4488 1053 4543 omrri
1070 4499 1147 4558 parte
1164 4489 1385 4545 circuuuterrer·
1436 4502 1579 4558 quousque
1594 4485 1651 4556 (37)
1668 4485 1701 4540 nd
1721 4486 1857 4542 dimetria·
1882 4494 2013 4542 montana
2043 4489 2223 4558 peruenit.ln

597 4588 682 4643 eitum
697 4585 929 4649 Christianorum,
956 4582 992 4637 ita
1009 4584 1081 4653 quod
1098 4583 1188 4637 eundo
1206 4600 1254 4653 per
1266 4594 1386 4655 ‹irratuor
1437 4579 1576 4635 montibus
1590 4589 1679 4634 autern
1701 4579 1838 4634 Armeniae
1852 4577 1962 4635 Graecos
1977 4592 2005 4635 er
2030 4580 2172 4640 Armenes
2190 4584 2224 4638 in·

633 4720 691 4793 (bl)
708 4720 797 4777 Codex
821 4717 960 4771 Esteiisis:
977 4716 1142 4786 inspiratus,
1164 4727 1212 4771 aut
1231 4719 1296 4787 qnia
1316 4719 1385 4774 lorte
1436 4718 1583 4774 saladinus
1596 4732 1657 4773 cum
1671 4696 1871 4773 tauta'suornm
1891 4716 2068 4775 multitudine
2080 4728 2225 4778 montevet

597 4793 624 4848 in
636 4802 794 4847 nostrorum
813 4804 911 4842 uranus
933 4788 1073 4853 inciderat,
1094 4797 1166 4843 unm
1183 4791 1280 4844 mortis
1299 4791 1385 4860 irnpe-
1435 4790 1520 4846 eolles
1537 4798 1564 4844 et
1578 4788 1716 4857 planitiem
1727 4789 1896 4859 operientes,
1917 4798 2021 4859 quanta
2033 4803 2176 4859 erumnam
2190 4791 2224 4846 si·

598 4873 716 4918 ratonem
730 4861 806 4927 adiit,
821 4870 873 4915 ete.
1400 4867 1422 4921 ι)
1436 4861 1493 4916 mni
1511 4860 1632 4914 ereditur
1656 4860 1826 4929 apparuisse,
1846 4859 2017 4916 Christianos
2042 4868 2173 4930 potenter
2186 4860 2224 4916 iu-

632 4933 688 5003 (55l
700 4932 790 4989 Codes
806 4930 924 4986 Emensis
942 4946 951 4983 .·
966 4925 1018 4981 Sed
1039 4927 1196 4984 deiecerunt
1211 4948 1225 4984 a
1241 4929 1310 4987 lucie
1334 4932 1384 4985 im·
1435 4933 1515 4996 rasit‚
1527 4945 1641 5000 speraris
1656 4931 1749 4984 ornuia
1762 4929 1878 4984 teritoria
1891 4944 2037 5001 usurpare,
2051 4928 2224 4988 eleritlit·

597 5006 733 5075 parareris
749 5005 821 5058 sieut
834 5003 932 5070 pnlrls,
955 5014 1036 5068 quem
1054 5000 1163 5068 projicit
1179 5011 1274 5056 mutus
1288 5018 1302 5055 a
1316 5002 1384 5057 ineie
1437 5018 1487 5059 nos
1499 5003 1616 5055 miseros
1636 5001 1785 5070 captivare.
1807 4998 1860 5055 Sed
1875 4999 1987 5055 euanuit
2010 4999 2224 5124 cogitatioque.

596 5086 684 5130 terra.
700 5072 779 5127 Anno
795 5071 901 5125 iluniiui
919 5070 997 5131 liud,
1010 5067 1170 5125 lleliclrinus
1190 5072 1296 5125 soldani
1313 5075 1384 5128 lilius
1435 5075 1499 5144 quia
1514 5071 1663 5126 Christiani
1691 5070 1805 5125 viriliter
1833 5070 2045 5138 resistentem
2084 5071 2224 5129 haiom

597 5146 671 5200 seuit
687 5144 796 5197 obviam
812 5158 874 5197 euin
896 5140 1016 5197 exerciiu
1027 5142 1247 5230 ¹quingentorum
1267 5145 1383 5198 rriilliurn
1436 5156 1565 5212 magnam
1581 5156 1629 5211 per
1642 5141 1754 5197 balistas
1773 5156 1831 5196 nou
1850 5142 1984 5196 modicam
1999 5141 2169 5214 intulerunt,
2180 5141 2226 5199 Ca·

595 5230 741 5286 equorum,
755 5213 839 5278 etad,
853 5222 906 5267 etc.
1434 5214 1500 5270 dens
1516 5214 1608 5281 itaque
1619 5211 1765 5267 Saladiuus
1779 5223 1906 5282 magnam
1921 5212 2062 5266 exereitus
2074 5220 2184 5283 partem
2194 5210 2223 5267 al

632 5285 689 5356 (56)
703 5283 791 5339 Codex
808 5284 947 5338 listeirais:
963 5283 990 5337 lu
1009 5282 1093 5336 lilium
1117 5285 1221 5338 soldani
1236 5292 1295 5353 post
1308 5293 1383 5354 terga

596 5364 761 5428 pugnantem
779 5355 906 5410 uictrices
916 5355 1021 5426 aquilas
1033 5355 1163 5425 dirigens,
1180 5355 1306 5424 predicta
1320 5358 1382 5407 nnl-

596 5432 630 5483 lia
643 5427 799 5482 Tureorurn
813 5441 840 5481 et
855 5424 1110 5479 Tiri-comannorum
1138 5427 1342 5489 exterminarit,
1355 5434 1382 5480 et

595 5516 627 5553 ex
640 5501 679 5553 eis
702 5507 755 5552 etc.

632 5540 689 5639 (δή
703 5569 792 5624 Codex
810 5564 927 5621 Ernrrrr
949 5581 959 5619 .·
979 5564 1126 5637 Quousque
1146 5566 1180 5620 ad
1208 5563 1381 5621 Laurentium

594 5641 744 5706 ciuitatem,
759 5653 818 5708 qua:
831 5637 927 5692 diuidit
941 5639 1097 5693 diruendam
1111 5655 1126 5692 a
1143 5637 1289 5708 errrore,
1306 5646 1333 5690 et
1346 5639 1379 5690 ud

594 5711 732 5766 Arrirenlar
747 5717 873 5762 montana
897 5712 1028 5777 peruenit,
1056 5712 1099 5763 ubi
1128 5709 1217 5764 noetis
1232 5708 1382 5763 conticinio

594 5783 707 5837 auditur
719 5794 751 5833 err
769 5779 917 5848 improuiso
932 5795 1071 5835 urniorum
1088 5783 1217 5850 strepitus
1229 5791 1256 5833 et
1279 5780 1382 5833 tumul-

596 5860 640 5906 tus
658 5851 725 5921 :qui
744 5865 805 5903 cum
831 5850 923 5904 nullus
944 5850 1049 5916 luisset,
1076 5852 1138 5906 iude
1161 5851 1381 5918 eorrjeeiuratum

595 5928 638 5975 est
651 5922 733 5975 ricini
747 5921 892 5991 augurium
917 5921 1069 5976 infortunii.
1085 5920 1113 5974 lu
1135 5923 1274 5976 urientibus
1289 5930 1381 5975 autem

594 5992 730 6047 Armenia
742 5990 852 6046 Graecos
866 6002 892 6047 et
907 5990 1039 6046 Arnrerms
1060 5991 1162 6046 inuenit
1175 5992 1264 6046 iorum
1279 5993 1381 6046 alaeri-

596 6069 637 6115 tcr
649 6060 819 6117 exhibentes.
837 6061 904 6116 Cum
920 6063 953 6117 ad
967 6078 1047 6117 aures
1064 6062 1185 6119 Saladiui
1199 6064 1240 6117 lire
1259 6062 1382 6118 rictoriae

596 6133 795 6202 peruenissent,
823 6135 947 6204 exparit;
971 6143 998 6189 er
1017 6133 1061 6190 die
1090 6131 1190 6190 Sarnto
1204 6132 1379 6191 Pentecostes

1435 5286 1617 5339 resistendum
1633 5282 1790 5352 imperatori
1799 5281 1959 5337 transmisit.
1973 5280 2038 5345 Sed.
2052 5282 2120 5338 laeui
2134 5282 2224 5354 pauelt

1434 5354 1531 5408 diebus
1543 5353 1656 5421 elapsis,
1672 5365 1698 5408 et
1710 5368 1785 5408 murs
1805 5352 1980 5424 imperatoris
1994 5353 2130 5420 innotuit,
2142 5362 2172 5409 et
2185 5367 2224 5409 rv-

1435 5440 1495 5478 nitu
1507 5424 1746 5492 superveniendo
1766 5432 1854 5479 morte
1866 5421 1951 5479 Siculi
1976 5423 2051 5494 regis
2073 5423 2222 5480 mummia

1433 5494 1619 5549 Christianum
1648 5495 1795 5563 plurimum
1811 5493 1994 5549 conturbarit.
2020 5492 2061 5550 lle
2084 5488 2222 5551 norton

1433 5564 1581 5635 imperator
1595 5564 1773 5631 descendens,
1790 5564 1908 5637 Salepby
1918 5563 2032 5619 duviurn
2045 5571 2164 5636 reperit,
2179 5576 2222 5635 pet

1433 5639 1512 5706 enjus
1528 5637 1613 5705 ripam
1631 5635 1740 5691 duobus
1760 5636 1858 5693 diebus
1877 5648 2052 5707 progressus,
2069 5635 2155 5692 tertia
2167 5634 2221 5691 luo

1434 5708 1560 5776 pausarit
1572 5708 1599 5761 in
1613 5707 1681 5762 loeis
1695 5708 1822 5762 arnoeuis.

1545 5799 1582 5853 lle
1596 5811 1679 5855 morte
1693 5801 1860 5872 liuperotorir
1878 5799 2014 5856 Frederi'ci
2027 5801 2125 5871 pri-i.

1468 5916 1575 5971 Etcum
1592 5928 1664 5971 esset
1677 5927 1762 5973 aestus
1772 5931 1888 5986 magnus
1901 5916 1991 5984 valde,
2008 5913 2220 5987 imperamus

1433 5989 1539 6043 scendit
1552 5990 1578 6041 lu
1595 5988 1695 6043 lluuien
1708 6004 1770 6042 curu
1785 5987 1893 6043 duobus
1904 5987 2052 6052 militibus.
2065 6001 2099 6044 an
2111 5985 2219 6060 umeri

1435 6060 1575 6113 balneare.
1600 6060 1725 6130 Cumque
1747 6069 1850 6113 natare,
1868 6058 1998 6131 eoepisset
2024 6055 2218 6140 impingaris

1434 6131 1577 6201 scopulum
1593 6138 1712 6185 naranuo
1733 6131 1817 6185 uitam
1833 6128 1972 6187 ammiud
1992 6129 2133 6188 militibus
2145 6128 2218 6203 igittt
2269 6162 2271 6191 r
