5125 7059
355 779 405 835 861

624 773 797 831 annones
817 776 861 831 ne
880 776 1076 833 ermenero
1098 775 1229 831 attollis
1249 775 1304 831 mu
1325 739 1368 828 er
1389 773 1531 830 imaus
1553 771 1715 830 ociose.

1933 780 1985 835 88!

354 893 494 957 similiter,
509 890 582 946 onam
596 889 719 962 periculo
733 893 830 947 uerrutis
846 871 1004 963 temporalis
1021 910 1064 948 me
1079 894 1140 948 suis
1158 899 1180 953 Α
1196 893 1378 948 resonasticum
1387 891 1510 947 ordinem
1517 890 1647 945 accedere
1654 890 1776 945 volentes
1786 892 1857 960 quod
1870 907 1987 951 carrarias

353 987 440 1055 licere
455 998 577 1054 possum.
608 981 813 1049 Quantumlibet
830 985 904 1039 enim
917 998 1096 1052 praecaream,
1111 1001 1145 1041 ne

353 1077 469 1139 moriar,
485 1077 651 1129 constitutos
669 1083 759 1133 tamma
779 1076 875 1130 mortis
886 1076 1019 1131 terminos
1032 1086 1143 1147 prater·

354 1168 397 1220 ire
425 1181 480 1221 non
499 1169 585 1221 valen.
604 1165 661 1221 iioe
679 1176 770 1220 autem
792 1169 970 1224 corasiderare
988 1185 1032 1224 nte
1049 1169 1143 1231 decet,

352 1256 429 1324 qnod
441 1258 645 1328 predestinata»
660 1257 787 1325 precibus
802 1257 938 1328 impietur.
950 1258 1016 1313 tlarn
1027 1259 1144 1314 obtineri

353 1349 482 1420 precibus
498 1365 551 1404 non
565 1360 690 1419 possunt,
705 1367 766 1419 mre
785 1350 975 1420 praedestinata
991 1368 1045 1406 noir
1065 1360 1142 1408 ιιιιιι.

354 1438 410 1493 Sed
421 1441 480 1509 ipsa
500 1455 628 1509 perennis
649 1443 723 1510 remu
738 1443 941 1512 pranlestiuatio
954 1444 990 1496 itu
1007 1443 1041 1496 ab
1054 1443 1144 1497 ornai-

354 1540 466 1601 potcnte
486 1532 542 1586 ileo
556 1533 692 1604 disposita
715 1543 767 1594 est.
785 1544 814 1588 ut
828 1536 908 1589 eiecti
932 1536 965 1589 ad
980 1537 1031 1591 hoe
1047 1551 1144 1608 perre-

353 1633 443 1684 ruant,
459 1633 595 1695 quatenus
606 1626 710 1678 oratrrdo
734 1635 891 1681 mereantur
912 1628 1054 1698 accipere,
1071 1627 1144 1698 quod

352 1716 395 1771 eis
420 1717 594 1787 orrauiputeus
606 1716 676 1771 lieris
688 1727 752 1773 ante
766 1719 865 1772 sarcula
880 1719 1016 1789 disposuit
1030 1719 1142 1776 donare.

390 1807 493 1878 Linque
508 1808 605 1862 dolcsn
621 1808 712 1875 :Quid
724 1809 836 1880 prodest
851 1811 877 1864 iu
889 1812 1011 1866 elaustro
1023 1812 1143 1882 psalmos

352 1912 464 1960 rainere,
480 1907 506 1951 et
523 1898 597 1952 siliis
618 1898 771 1954 innumeris
782 1900 947 1965 sirirjacerei
964 1899 1031 1954 iiam
1047 1917 1110 1955 eum
1127 1917 1143 1956 a

352 2005 420 2044 soce
432 1991 486 2042 rita
503 2006 557 2043 uon
571 1989 721 2054 discordat,
736 2006 798 2045 curn
814 2008 865 2046 rua
878 1992 960 2046 ritam
972 2006 1026 2046 non
1039 2008 1141 2047 remer-

351 2084 409 2144 det,
422 2084 511 2137 dulcis
525 2090 567 2136 cst
579 2084 753 2153 synaptmnia.

389 2176 473 2229 Amor
486 2173 534 2228 ilci
545 2190 555 2229 ε
565 2173 644 2236 tide.
659 2192 764 2245 quaeso,
779 2178 902 2247 exempla
917 2176 1076 2241 maritorum,
1088 2177 1143 2233 imo

352 2283 423 2339 pene
439 2267 523 2322 totius
538 2270 613 2322 orbis
622 2277 714 2338 parics
730 2271 756 2324 in
767 2269 823 2323 llaec
832 2269 922 2323 studia
934 2269 1099 2324 declinasse.
1111 2266 1145 2322 Et

350 2361 1144 2432 qnaironte,quocorde,quairupudentia,quainsipientia

1195 985 1348 1041 coerrobitas
1362 993 1496 1038 noverunt
1512 998 1653 1039 rnrrrnmre
1668 986 1822 1054 corrumpi,
1839 986 1987 1043 detractio-

1196 1076 1277 1131 nibus
1295 1075 1379 1135 iudei,
1398 1072 1657 1129 litilmsdissociari.

1230 1170 1313 1220 iiiior
1325 1167 1371 1221 ilci
1383 1183 1392 1222 .·
1404 1164 1462 1220 Non
1481 1180 1587 1226 ouranos,
1611 1165 1659 1220 sed
1683 1165 1794 1234 quidam
1823 1167 1850 1220 in
1867 1165 1915 1221 iis.
1932 1167 1985 1221 ‚ilii

1195 1274 1260 1313 reru
1285 1261 1387 1313 instant
1416 1259 1537 1319 lectioni,
1567 1266 1596 1311 nt
1619 1257 1801 1321 erudiantur;
1821 1258 1938 1311 urationi
1959 1269 1986 1311 ιιι

1196 1352 1394 1422 purilieentur;
1411 1350 1499 1419 operi,
1516 1358 1546 1402 ιιι
1571 1349 1772 1403 beaatiticentur.
1800 1350 1830 1403 Ιίι
1856 1367 1919 1403 eum
1940 1350 1985 1403 aiii

1194 1457 1334 1496 nrtrrmnre
1348 1457 1395 1495 seu
1412 1440 1580 1494 detractione
1594 1455 1623 1494 se
1638 1440 1774 1500 inliciunt.
1792 1441 1873 1497 istisc
1884 1443 1986 1497 rii-aria

1194 1533 1341 1588 collatione
1356 1532 1492 1592 rein-lunt,
1510 1532 1653 1600 praeceptis
1675 1531 1827 1587 iiotniuicis
1851 1537 1985 1603 excitant,

1193 1626 1325 1695 exetrrpiis
1338 1635 1496 1681 sauctorum
1506 1622 1616 1678 Patrium
1631 1623 1810 1683 iniliarnmaut,
1822 1627 1896 1679 etsie
1909 1626 1986 1696 jutta

1195 1719 1366 1774 Salomonem
1393 1717 1492 1786 icrrttm
1513 1717 1584 1785 [erro
1606 1716 1746 1769 caecutitur
1769 1715 1860 1784 (Pron.
1879 1719 1984 1788 xst·tr);

1193 1810 1257 1864 dium
1273 1809 1355 1862 Ιιιιιιιιι
1369 1807 1466 1861 faeiem
1483 1808 1562 1860 ararici
1578 1808 1620 1860 sni
1647 1811 1764 1867 eraemt,
1783 1809 1847 1877 quia
1861 1809 1900 1862 sic
1916 1811 1985 1864 siris

1194 1903 1367 1958 sermonibus
1378 1900 1531 1955 seinvicem
1545 1901 1670 1960 incitant,
1686 1901 1757 1955 ulad
1772 1901 1915 1956 lectionem
1928 1904 1986 1956 uii-

1193 1995 1452 2050 diorcsrecmraut.

1229 2083 1331 2155 Lirrquu
1345 2081 1458 2136 dolore:
1475 2080 1502 2135 Si
1514 2082 1575 2151 quis
1589 2091 1727 2151 pensaret,
1744 2090 1875 2152 qnanlmn
1890 2085 1985 2140 vitiem

1194 2174 1228 2230 iis
1242 2183 1327 2237 esset,
1341 2188 1480 2243 tranquaut
1495 2173 1528 2226 ad
1548 2176 1649 2244 saepius
1664 2176 1752 2229 dictos
1778 2177 1937 2246 impucritas
1956 2192 1986 2231 se

1160 2233 1181 2289 B
1195 2266 1367 2323 transferret.

1230 2360 1313 2414 Artior
1325 2358 1396 2413 lici:
1411 2356 1459 2413 tlte
1469 2373 1550 2428 quam
1567 2373 1695 2428 maguum
1712 2357 1747 2413 sit
1759 2357 1809 2412 iroc
1823 2357 1930 2415 ritium.

352 2453 547 2523 reprehendis,
563 2454 636 2524 quod
650 2454 741 2508 curacii
761 2454 983 2524 euruempiationi
998 2451 1082 2507 dediti
1096 2459 1144 2506 aut
1231 2452 1333 2523 Linque
1343 2450 1652 2507 dolosntbibeutissime
1667 2451 1693 2504 in
1703 2451 1753 2505 boc
1764 2452 1811 2505 tibi
1822 2452 1984 2521 areiqrriesco:

351 2543 469 2608 iaciunt,
479 2551 527 2597 aut
537 2543 665 2599 laudibus
676 2542 891 2608 elieruutiouod
905 2542 1072 2598 antemdieis
1083 2540 1145 2596 dui-
1195 2560 1281 2615 pensa
1294 2545 1376 2599 rerba
1392 2559 1461 2598 aurea.
1477 2543 1524 2597 Lis
1546 2551 1588 2596 est
1608 2541 1750 2597 homicidii
1764 2543 1919 2604 exordium,
1937 2560 1985 2599 su·

352 2651 414 2692 cem
434 2651 496 2691 esse
512 2636 712 2706 symphoniam,
729 2650 791 2689 enm
810 2651 860 2689 ron
875 2635 958 2688 sitam
974 2649 1030 2688 non
1041 2647 1144 2686 renror·
1195 2631 1304 2687 scitatio
1315 2632 1517 2694 scandalorum,
1534 2631 1703 2700 perturbatio
1714 2631 1906 2687 ecclesiastice
1918 2649 1985 2687 corr·

350 2729 413 2793 det;
427 2743 569 2783 assensum
582 2730 702 2799 porrigo,
721 2743 772 2782 nee
794 2736 884 2782 tarrren
899 2742 1072 2797 consequeus
1083 2741 1145 2782 esse
1195 2723 1360 2785 suetudinis,
1376 2732 1549 2792 contemptus
1562 2722 1706 2777 douainicae
1721 2723 1892 2779 imitationis.

351 2819 488 2880 concede,
511 2828 540 2873 ut
552 2820 588 2873 ob
609 2820 679 2873 banc
694 2833 806 2873 cansam
827 2820 1053 2889 praetermittatur
1071 2820 1144 2888 psai·
1230 2811 1371 2867 inormi
1385 2827 1394 2865 :
1410 2812 1487 2866 Nune
1503 2813 1586 2866 etiam
1605 2812 1713 2866 intueor
1727 2811 1897 2882 diligentius.
1909 2814 1983 2885 qumi

352 2911 455 2964 alodia.
471 2910 499 2963 Si
517 2913 599 2964 etiarm
616 2919 726 2980 propter
736 2912 916 2981 quorumdam
933 2925 1088 2980 perversam
1102 2911 1145 2965 iu-
1195 2911 1357 2962 serirrotuns
1373 2910 1403 2957 ut
1416 2918 1516 2958 carricer
1528 2905 1612 2973 serpit
1624 2910 1651 2958 et
1664 2905 1760 2959 ictiiaie
1771 2907 1847 2960 ricus
1865 2906 1984 2961 incautis

352 3005 506 3058 tentionem
518 3003 588 3057 dieis
602 3005 784 3058 uiuritteudum
804 3021 866 3059 esse
888 3005 1055 3074 psalmorum
1079 3002 1144 3059 otti·
1196 2997 1325 3052 inl'uudit.
1349 2997 1407 3060 ⁰5⁰·
1430 3011 1534 3066 i¹¹ae⁵⁰i
1548 2997 1607 3063 dle,
1617 3012 1730 3068 (illaefflt
1745 2999 1884 3069 il¹⁰⁰¹0ti⁰
1898 3009 1940 3055 esi
1952 3003 1986 3057 lis

351 3095 438 3159 ciuru,
457 3094 569 3164 grandis
594 3104 621 3148 te
644 3098 769 3165 sequitur
792 3096 960 3156 absurditas,
984 3104 1014 3149 ut
1035 3095 1145 3150 dicatur
1195 3090 1340 3144 lrornicidis
1354 3089 1519 3143 exordium?

353 3197 454 3241 contra
470 3198 507 3248 te,
523 3189 673 3248 orationes,
686 3187 805 3258 jejunia,
820 3189 1025 3259 pieeqposqnas,
1048 3186 1145 3259 padi.
1233 3179 1337 3252 Linquit
1350 3180 1443 3235 tillim
1457 3196 1466 3234 .·
1480 3178 1550 3248 Quia
1565 3195 1614 3251 pei·
1627 3181 1713 3254 iiiigia
1729 3184 1898 3239 suscitabitis
1911 3184 1985 3243 odia.

356 3280 482 3334 cationes
493 3289 519 3334 ct
532 3290 629 3335 caetera
642 3278 713 3333 borea
734 3294 817 3350 opera
834 3278 891 3334 iore
903 3280 1064 3342 deserenda,
1079 3281 1145 3350 quia
1196 3275 1249 3343 out
1261 3286 1348 3328 cratem
1357 3274 1412 3329 edit
1421 3276 1532 3344 fratrem
1544 3291 1632 3337 ιιιιιιιι,
1641 3275 1776 3330 lroruicidu
1787 3288 1825 3332 est
1837 3277 1928 3349 (loun.
1942 3283 1985 3349 ui,

360 3372 419 3425 irae
432 3375 524 3427 ostrina
536 3374 671 3429 interdum
692 3374 759 3428 liunt
774 3374 926 3428 intentione
938 3389 1078 3443 peruersa,
1094 3388 1146 3429 nee
1193 3367 1272 3437 iuxta
1291 3367 1364 3437 quod
1378 3368 1526 3436 Apostolus
1541 3366 1586 3422 liei
1603 3368 1643 3422 tui
1659 3370 1706 3423 ait,

355 3466 441 3518 ulium
454 3482 523 3535 opus
544 3477 585 3521 est
607 3476 661 3521 tam
685 3474 822 3524 sanctmu.
838 3465 911 3536 quod
928 3464 1058 3534 praedicto
1069 3480 1145 3519 riano
1231 3460 1315 3512 dulor
1329 3459 1378 3513 Dei
1390 3474 1400 3510 ··
1414 3457 1556 3526 Qtttuuodo
1571 3467 1613 3516 esi
1625 3462 1769 3536 suscitatio
1780 3462 1987 3518 scandalorum!

351 3557 502 3626 aliquando
517 3572 571 3610 arou
587 3559 623 3613 sit
639 3558 780 3613 iniectum.
798 3556 864 3610 ilico
884 3571 959 3625 erqo,
985 3555 1041 3609 inm
1071 3553 1177 3632 [iensc
1230 3550 1333 3622 iiiique
1351 3552 1463 3606 dolosa:
1482 3552 1552 3619 Quia
1576 3568 1624 3624 per
1646 3555 1708 3609 lites
1731 3556 1828 3611 erebro
1855 3559 1986 3613 scandala

352 3666 432 3704 uirens
446 3666 494 3720 per
507 3651 652 3720 qnamdam
665 3651 851 3706 lionrancrnm
865 3658 892 3703 et
903 3647 1087 3704 totiusruundi
1102 3648 1145 3702 iu·
1193 3644 1374 3698 suscitantur.
1390 3642 1464 3696 iluiti
1480 3644 1553 3698 enim
1577 3644 1808 3710 scandalizantur,
1825 3661 1887 3700 eum
1912 3663 1987 3718 quas

350 3739 561 3793 ecruamdisit:
583 3738 639 3793 i'oc
654 3739 822 3808 ptairrmdirr,
839 3755 898 3792 cam
913 3753 959 3808 per
973 3738 1143 3793 intentionem

351 3831 442 3884 cordis
460 3833 559 3901 aqitrrr,
578 3850 623 3900 prr
638 3834 706 3887 irnrrc
717 3843 778 3887 taric
790 3833 959 3902 orrarripotcuti
975 3831 1029 3886 lico
1043 3831 1078 3885 ud
1098 3849 1143 3886 cor

351 3922 404 3975 iter
413 3933 534 3990 puretar,
550 3933 578 3976 ιιι
595 3924 703 3978 inteuttc
714 3925 794 3978 meriti
808 3923 1140 3994 neipropiietioemqtteria,

353 4016 395 4070 erl
407 4018 614 4081 conrpunclionir
629 4021 743 4088 pralium
756 4019 889 4088 irriurrdut.

346 4148 350 4152 .
389 4104 492 4175 Linque
507 4106 616 4163 dolosa:
631 4108 668 4163 lle
683 4110 734 4163 bac
748 4110 923 4164 lucernanon
935 4123 1018 4172 euro;
1033 4107 1080 4164 sed
1090 4107 1143 4163 boe

350 4196 417 4250 dieo
432 4214 439 4250 :
453 4196 527 4267 quod
551 4196 599 4253 liei
617 4199 655 4253 tui
669 4199 818 4269 Apostolus
831 4200 870 4254 ait
891 4198 925 4254 ad
951 4199 1098 4272 quosdam,
1113 4206 1143 4254 ut

351 4296 496 4342 cantarent
507 4289 533 4341 in
548 4288 672 4343 cordibus
688 4292 743 4344 ruis
763 4289 887 4346 Bantius.

389 4383 472 4434 Αιιιοι
485 4380 531 4435 liei
547 4396 556 4434 :
573 4382 600 4436 Si
617 4389 721 4436 tanturm
745 4383 773 4437 in
797 4383 880 4439 corde
902 4381 1069 4438 cantandum
1086 4389 1140 4445 est,

351 4473 420 4542 quid
436 4481 478 4527 est
493 4473 566 4543 quod
579 4476 636 4543 ipse
647 4476 681 4529 de
695 4476 809 4545 psalmis
821 4482 846 4529 el
863 4475 972 4546 hymnis
984 4488 1143 4530 commone·

353 4563 430 4626 iecit,
439 4572 465 4617 et
477 4563 551 4633 qnod
564 4563 794 4635 Psalmoqrapbus
806 4567 907 4636 saepius
917 4583 967 4622 uus
981 4566 1014 4621 ad
1027 4575 1143 4620 cantari·

351 4657 420 4710 tium
433 4656 555 4710 monuit?
571 4656 617 4709 Sic
640 4657 733 4727 uritque
750 4656 818 4713 ioris
833 4658 916 4713 rerba
929 4659 1030 4714 debent
1046 4672 1143 4728 perso·

352 4762 433 4809 nare,
441 4755 469 4800 ut
479 4746 562 4801 eorda
573 4747 739 4804 intrinsecus
747 4750 780 4804 ad
788 4749 1027 4820 compunctionem
1038 4748 1142 4803 utiliter

351 4837 557 4901 concutiantur,
572 4849 599 4894 et
615 4840 731 4895 iutemio
747 4852 840 4896 nostra
856 4842 885 4897 in
904 4842 1010 4897 coeiesti
1029 4839 1142 4897 ierusa-

352 4930 408 4984 lem
424 4929 460 4984 sit
473 4945 617 5001 suspensa.

388 5018 493 5090 Linque
507 5020 601 5075 doloso
616 5039 626 5076 .·
643 5022 714 5089 Quid
728 5023 840 5094 prodest
850 5022 1018 5079 distineteet
1031 5023 1141 5080 tractim

351 5111 383 5166 in
394 5118 477 5166 cantu
487 5122 515 5167 et
528 5113 644 5168 lectione
659 5101 783 5184 qbaedam
799 5115 880 5171 rerba
897 5116 1038 5187 prolerre?

389 5204 474 5258 Αιιιιιι
489 5205 536 5260 Dei
548 5221 558 5259 .·
568 5205 597 5261 Si
607 5208 737 5263 distincte
746 5209 827 5263 rerba
841 5209 1029 5279 proteruntur.
1042 5210 1141 5268 meiius

351 5295 562 5366 intelliguntur,
588 5304 615 5352 et
637 5300 729 5353 aerius
753 5300 830 5354 eurdi
860 5301 1031 5358 inseruntur.
1052 5301 1140 5368 tide,

347 5402 458 5458 quaeso,
470 5387 536 5457 quid
549 5389 576 5443 in
591 5387 681 5446 i'eteri
697 5390 874 5448 Testamenta
888 5393 997 5465 iegitur,
1009 5395 1082 5466 qnod
1094 5410 1142 5451 ro·

349 5480 447 5534 iumen
460 5480 529 5550 legis
550 5479 681 5537 distincte
701 5498 733 5537 ac
758 5483 791 5538 ad
813 5483 1020 5552 intelligendum
1039 5488 1141 5558 populo

347 5570 510 5626 suanorum
524 5572 673 5642 legebatur.
689 5572 767 5640 Quod
790 5590 855 5646 ergo
871 5576 908 5630 ibi
925 5575 1027 5630 iactrnn
1048 5584 1091 5632 est
1112 5579 1141 5633 in

347 5670 425 5719 coetu
440 5662 607 5732 iudaeorum,
622 5681 695 5721 uitare
719 5668 776 5722 lieri
792 5668 873 5723 debet
888 5669 1141 5739 incongregatione

348 5757 562 5821 nronaciamum,
584 5767 613 5813 ut
636 5761 713 5816 serari
735 5761 922 5816 modulatione
936 5776 986 5815 eor
1000 5761 1080 5818 triste
1092 5762 1142 5818 de·

346 5851 514 5914 rrruieeatur,
527 5858 555 5905 et
566 5852 658 5907 menti
670 5852 781 5907 tristitia
800 5868 861 5922 qua
871 5861 985 5907 mortem
1000 5860 1138 5923 operatur,

347 5939 512 6010 malnrodias
530 5940 675 5997 dulcedine
688 5941 852 6011 depellatur,
865 5944 1030 6013 sitimusque
1056 5942 1140 6013 spiri·

347 6031 420 6086 tuaii
437 6031 732 6101 gaudiosuiinndatur,
753 6042 783 6090 ut
802 6043 864 6107 pust
880 6035 1001 6093 laetitiam
1017 6035 1076 6105 spei
1092 6051 1139 6091 se-

347 6130 454 6196 quatur
469 6125 559 6178 laetitia
575 6126 624 6181 rei.

386 6215 491 6288 Linque
507 6216 618 6272 aaron:
639 6217 695 6274 linc
717 6235 812 6281 omnes
839 6219 977 6277 deterrere
1005 6219 1081 6277 ricbet
1104 6218 1136 6273 ad

1194 3743 1259 3790 runt
1274 3735 1303 3789 in
1317 3735 1369 3797 eis,
1380 3750 1449 3805 quos
1466 3736 1565 3805 sapius
1577 3735 1645 3799 disi,
1660 3735 1767 3792 iructus
1781 3737 1949 3804 dilectionis,
1959 3747 1987 3794 et

1193 3830 1336 3886 inveniunt
1349 3829 1444 3898 spinas
1458 3829 1650 3884 dissensionis.

1229 3923 1312 3976 Amor
1329 3919 1397 3974 bet:
1415 3919 1460 3974 tlet
1478 3920 1530 3974 tarci
1546 3921 1667 3974 cultures
1687 3919 1805 3977 studiosi
1820 3929 1847 3976 et
1866 3923 1939 3992 pirri,
1957 3923 1984 3977 in

1193 4021 1329 4086 quantum
1342 4019 1469 4084 possunt,
1481 4010 1642 4066 scandalum
1654 4011 1790 4074 devitant,
1806 4019 1907 4066 etcum
1922 4028 1983 4066 ιιιιι-

1194 4108 1276 4162 nibus
1292 4105 1460 4166 ironriuibus,
1475 4104 1499 4160 si
1513 4103 1571 4159 beri
1587 4111 1695 4173 potest,
1706 4120 1799 4174 pacem
1810 4114 1984 4161 conseerant.

1193 4196 1269 4254 iiane
1284 4204 1374 4252 autem
1392 4194 1512 4267 requiam
1527 4211 1541 4249 a
1553 4195 1608 4250 ileo
1621 4212 1681 4250 meo
1693 4203 1816 4261 sunnrnt,
1828 4197 1899 4265 quud
1913 4199 1985 4268 aprrd

1193 4290 1354 4348 duricordes
1367 4289 1505 4344 interdurn
1518 4287 1646 4345 seandala
1660 4290 1726 4343 oriri
1735 4290 1905 4359 permittunt.
1917 4289 1984 4344 barra

1194 4385 1218 4441 si
1229 4371 1264 4440 ile
1281 4385 1397 4438 veritate
1407 4382 1566 4438 scandalum
1580 4382 1708 4445 sumitur,
1724 4382 1820 4436 utilius
1834 4385 1910 4437 nasci
1924 4398 1985 4451 per-

1194 4479 1322 4537 mittitur,
1338 4491 1420 4546 qnam
1432 4484 1462 4529 nt
1475 4476 1578 4531 reritas
1595 4475 1776 4544 relinquatur.
1798 4474 1876 4529 bum
1892 4489 1983 4529 resera

1194 4567 1271 4630 mibi,
1287 4567 1423 4639 quomodo
1432 4569 1467 4622 sit
1477 4568 1509 4622 iis
1524 4566 1694 4637 perturbatio
1714 4566 1907 4621 ecclesiasticae
1918 4580 1985 4618 eon·

1193 4659 1358 4717 suetudinis.

1228 4750 1331 4821 Linque
1354 4749 1447 4804 dolore
1465 4767 1475 4805 :
1495 4746 1566 4820 Lege
1594 4749 1640 4804 Dei
1671 4749 1710 4803 tni
1738 4750 1909 4819 Apostolum,
1936 4751 1983 4819 qni

1193 4841 1232 4895 ait
1247 4861 1255 4894 ·.
1272 4838 1371 4909 Siquis
1387 4850 1474 4893 nutem
1492 4839 1594 4892 ridetur
1605 4841 1782 4892 contentiosus
1798 4855 1863 4902 erre,
1880 4856 1927 4893 raes
1944 4849 1983 4892 ιιι-

1158 4931 1244 5002 piem
1254 4929 1466 4984 corrruetudincm
1480 4945 1531 4983 riou
1551 4929 1687 4994 iaciemus,
1703 4945 1784 4999 neque
1801 4928 1920 4983 Ecclesia
1935 4929 1984 4986 liei

1194 5022 1222 5094 (i
1236 5021 1299 5079 Cor.
1315 5023 1366 5088 xri.

1230 5114 1312 5168 dirior
1327 5112 1394 5169 Dei:
1411 5111 1459 5173 tlte
1476 5113 1598 5180 tandem,
1615 5114 1752 5184 quoruodo
1763 5113 1798 5170 sit
1810 5119 1984 5183 contemptus

1192 5204 1342 5262 Dominicae
1362 5206 1543 5261 initiationis?

1228 5297 1331 5370 Linque
1346 5298 1463 5354 dolosa:
1481 5298 1548 5353 lide
1564 5313 1598 5352 au
1616 5313 1669 5353 nou
1688 5299 1714 5352 in
1730 5298 1860 5369 propbeta
1876 5297 1922 5352 liei
1938 5297 1978 5352 tui

1193 5393 1325 5461 scriptum
1340 5391 1376 5446 sit
1391 5390 1492 5447 debeo
1506 5403 1564 5454 tiro,
1585 5390 1657 5461 quaed
1674 5408 1724 5444 nou
1738 5391 1886 5456 contendet,
1900 5407 1982 5461 neque

1192 5482 1319 5537 ciaruabit
1331 5482 1440 5552 (iicttlr.
1457 5482 1518 5554 au).
1534 5482 1585 5549 ont
1600 5499 1667 5552 erqo
1683 5483 1775 5539 litibus
1795 5499 1824 5539 se
1840 5484 1981 5549 scindunt,

1192 5589 1246 5628 raon
1263 5582 1327 5628 sunt
1340 5572 1385 5628 liei
1398 5574 1437 5627 tui
1451 5573 1612 5632 imitatores,
1628 5573 1676 5627 sed
1691 5580 1903 5643 contemptores.

1227 5665 1310 5719 Amor
1326 5664 1372 5719 liei
1389 5683 1398 5721 :
1414 5663 1474 5720 lion
1486 5679 1582 5720 outnes
1596 5664 1648 5720 buc
1663 5666 1729 5720 ritio
1740 5676 1805 5721 sunt
1816 5668 1921 5729 inlecti,
1935 5667 1983 5723 sed

1191 5755 1302 5825 qnidam
1324 5755 1514 5811 claustralium
1540 5756 1684 5811 citat-itatis
1708 5757 1806 5811 ardore
1824 5765 1888 5812 sunt
1915 5772 1981 5812 sue·

1191 5848 1278 5905 censi.
1297 5863 1361 5902 cum
1376 5847 1449 5904 lteris
1464 5863 1541 5903 niens
1556 5863 1605 5918 per
1626 5864 1655 5902 se
1670 5859 1697 5903 et
1718 5849 1787 5904 alios
1801 5865 1861 5904 earn
1878 5852 1982 5920 sapius

1191 5941 1372 6000 eunrmendet.
1392 5942 1420 5996 in
1431 5942 1510 6010 errius
1527 5944 1671 6013 preceptis
1688 5942 1772 6013 legem
1787 5949 1814 5998 et
1832 5944 1983 6012 propbetas

1191 6032 1308 6102 pendere
1323 6030 1503 6087 dictrictae
1518 6033 1569 6087 mei
1581 6031 1730 6102 Apostolus
1745 6032 1784 6085 ait
1816 6030 1978 6087 laenitatem

1189 6126 1421 6188 distriinrtionem,
1433 6134 1460 6193 et
1474 6124 1598 6194 corporis
1613 6124 1783 6180 exustionem
1801 6121 1861 6178 sine
1873 6136 1905 6177 ea
1924 6137 1979 6176 non

1189 6217 1329 6290 pruriesse.
1344 6217 1420 6274 Num
1436 6227 1525 6274 aulem
1541 6217 1574 6273 de
1593 6215 1712 6288 perlecta
1721 6213 1786 6270 inibi
1801 6214 1977 6287 potissimum
