5125 7059
374 704 430 761 833
550 688 559 710 ⁸
876 701 920 757 DE
935 700 1095 759 briensis
1110 699 1296 759 unutmuus
1315 700 1509 760 sceleste.
1951 709 2003 765 tit

375 821 458 877 nobis
472 821 527 893 pati
543 838 598 879 non
612 821 776 896 remmam,
790 822 942 893 amplector
952 804 1062 894 quidem
1075 821 1167 878 humi·
1180 827 1202 882 A
1217 822 1259 878 rel
1271 823 1294 878 si
1309 823 1419 894 aggredi
1435 836 1489 877 ooo
1503 828 1628 892 possunt,
1644 820 1783 894 diligendo
1803 829 1831 877 et
1858 837 1907 892 pro
1923 837 2005 894 posse

375 912 497 978 litatem;
512 913 561 968 sed
576 913 640 970 dico
666 919 748 986 sputa
773 911 931 969 iudeorum
954 914 1009 982 lam
1033 930 1089 970 non
1103 928 1166 971 esse
1217 915 1361 978 imitando,
1381 923 1409 969 et
1428 915 1616 987 eleemosynas
1634 902 1828 987 impertiendo,
1844 929 1894 985 pro
1908 930 2006 971 susce-

374 1004 404 1059 in
420 1002 638 1076 lacielesuquae
662 1004 791 1078 pependit
818 1006 945 1078 inlipno,
972 1021 1023 1062 nec
1050 1022 1093 1062 me
1110 1006 1166 1062 tale
1216 1006 1402 1076 ptiouejusti,
1417 1012 1445 1060 ct
1460 1006 1698 1075 prosalieoaquae
1714 1004 2007 1076 lrigidaesaltrmdato

373 1111 477 1166 corpus
494 1096 596 1154 Christi
608 1114 728 1162 sumere,
739 1097 822 1170 quale
839 1098 890 1154 luit
907 1114 971 1154 cum
985 1109 1059 1156 esset
1076 1100 1166 1171 passi·
1216 1099 1243 1153 in
1259 1097 1514 1168 noniincdiscipuii
1529 1097 1683 1154 mercedem
1696 1098 1841 1168 utriusque
1855 1097 2005 1167 accipiant·

374 1188 450 1253 bilis,
473 1191 521 1246 sed
546 1191 600 1246 tale
621 1194 703 1262 quale
718 1209 793 1249 nunc
811 1201 855 1250 est
873 1210 936 1249 curn
958 1193 1036 1250 sedet
1049 1193 1084 1249 ad
1097 1194 1165 1249 ‹ler-
1215 1189 1248 1243 Et
1260 1189 1389 1260 quoniam
1408 1189 1474 1245 illud
1487 1190 1598 1258 quindiu
1611 1190 1681 1244 libro
1694 1186 1872 1243 Nurnerorum
1883 1187 1917 1244 de
1931 1188 2008 1244 trihu

373 1289 446 1337 tram
462 1280 562 1339 Patris.
578 1282 644 1340 'lale
657 1300 759 1357 eorpus
773 1285 877 1341 Christi
891 1285 984 1350 credo,
1001 1292 1092 1350 lenem
1105 1298 1165 1339 am·
1215 1281 1262 1337 lilii
1285 1281 1350 1336 heri
1366 1283 1500 1352 scriptum
1527 1285 1581 1344 esi,
1609 1297 1658 1352 per
1674 1282 1788 1352 liguram
1806 1280 2006 1336 canonicorum

372 1378 490 1448 plector,
505 1392 595 1444 sumo,
610 1377 639 1433 in
653 1378 807 1435 visceribus
826 1380 966 1436 interioria
977 1379 1031 1435 mei
1042 1379 1162 1450 trajicio,
1213 1374 1277 1428 ritae
1291 1373 1395 1428 seruire
1416 1389 1497 1444 posse
1522 1374 1651 1444 superius
1675 1374 1899 1439 memoravimus,
1914 1380 1941 1430 et
1961 1387 2006 1428 rc·

372 1480 400 1524 et
418 1483 520 1540 eorpus
531 1468 598 1525 illud
612 1471 687 1527 intus
704 1479 732 1525 et
744 1472 877 1536 exterius,
893 1473 964 1526 sicut
977 1470 1163 1539 animamejus
1213 1474 1303 1522 motos
1316 1467 1464 1522 canonicos
1487 1467 1552 1522 illiis
1573 1464 1659 1522 Cantir
1682 1465 1905 1532 assimilavimus,
1930 1477 2006 1521 nunc

372 1559 506 1614 mundum
529 1574 586 1631 prae
608 1561 684 1615 omrai
710 1561 846 1616 munditia
865 1574 928 1617 esse
956 1559 1116 1632 pronuntio,
1136 1569 1163 1615 et
1213 1559 1370 1614 intueamur
1385 1559 1408 1616 si
1428 1557 1534 1615 Gerson
1557 1560 1601 1615 rel
1618 1560 1690 1616 filios
1714 1568 1786 1630 elus,
1804 1560 1852 1631 qui
1874 1560 1954 1630 quasi
1974 1561 2002 1616 in

372 1664 435 1704 anio
454 1651 529 1706 cirea
542 1665 645 1720 corpus
666 1653 727 1722 ejus
749 1652 966 1717 venerationem,
995 1653 1077 1722 cujus
1095 1667 1162 1709 caro
1212 1652 1303 1707 medin
1312 1652 1393 1723 positi
1409 1651 1555 1714 ridentur,
1570 1651 1619 1706 tali
1634 1652 1831 1707 canonicorum
1849 1650 1941 1707 ordini
1955 1666 2004 1722 per

372 1757 426 1798 non
441 1743 737 1816 riditcorruptionem.
754 1744 785 1801 Si
807 1754 899 1803 autem
915 1747 1005 1818 placet
1017 1747 1062 1822 eis
1084 1754 1161 1802 tauta
1211 1740 1419 1797 similitudinem
1435 1741 1607 1812 equiparare
1621 1741 1772 1797 valcamus.

370 1835 512 1893 humilitas
525 1845 553 1894 et
571 1839 613 1894 sui
627 1837 754 1909 dejectio,
770 1838 878 1908 placeat
896 1838 938 1894 eis
948 1845 976 1895 et
991 1853 1070 1894 meus
1084 1840 1160 1894 eirea
1241 1834 1287 1891 ih.
1299 1833 1338 1889 dc
1353 1834 1470 1903 primum
1486 1833 1552 1904 quid
1570 1848 1669 1889 nomen
1686 1832 1791 1891 Gerson
1807 1835 1903 1889 innuat
1913 1841 2004 1889 atterr-

369 1943 471 2000 cnrpus
484 1929 586 1987 Christi
601 1931 727 1988 cultuset
739 1930 867 1998 devotio;
884 1931 932 1988 sed
946 1931 971 1988 si
988 1931 1161 2004 praetendant
1211 1928 1319 1984 dantus.
1337 1927 1534 1997 Interpretatur
1554 1934 1646 1982 autem
1662 1925 1768 1983 Gersoo
1783 1925 1883 1981 ndmna
1895 1925 1942 1981 ibi.
1957 1924 2003 1980 lu-

367 2019 492 2076 nobisea
506 2021 599 2092 regula
628 2034 679 2077 sua
699 2020 820 2077 laborem
836 2036 967 2077 siranuum
993 2022 1047 2078 sibi
1060 2022 1159 2092 “irrjum
1211 2019 1291 2076 tende
1307 2018 1477 2088 diligentius,
1492 2024 1520 2074 et
1531 2018 1578 2072 tali
1594 2019 1705 2073 nomine
1722 2026 1877 2089 perspecto,
1895 2014 1919 2072 sl
1934 2015 2000 2087 quid

367 2117 545 2179 ctum3sunt
559 2110 645 2166 multa
670 2126 813 2182 quaecum
830 2112 982 2168 reverentia
1005 2112 1052 2167 illa
1064 2111 1157 2169 Domi·
1209 2126 1361 2183 oonpruum
1382 2111 1426 2167 rel
1453 2109 1605 2192 officiosum
1635 2109 1783 2173 inueneris,
1801 2109 1924 2165 studiose
1948 2124 2001 2164 no·

367 2201 427 2256 uici
439 2202 567 2272 corporis
581 2211 697 2273 possunt
708 2203 841 2269 exerceri,
856 2211 886 2260 ut
908 2212 952 2259 est
965 2202 1069 2269 fodere,
1083 2205 1157 2277 ligna
1174 2181 1196 2240 Β
1210 2211 1277 2258 tato.
1290 2201 1399 2259 intuere
1418 2202 1495 2257 illum
1517 2200 1615 2271 pulait
1630 2219 1637 2256 :
1654 2207 1684 2255 ut
1698 2200 1786 2254 incolo
1795 2217 1842 2269 epo
1856 2217 1914 2254 aum
1929 2198 2001 2269 opud

366 2305 394 2351 et
418 2303 526 2365 segelcs
549 2294 667 2362 cadere,
683 2297 820 2368 pinotere,
845 2297 982 2354 seminare
1000 2305 1028 2354 et
1053 2297 1098 2353 his
1118 2297 1157 2354 si·
1209 2305 1234 2351 tr
1250 2304 1276 2351 et
1303 2296 1464 2365 pereprirraa,
1490 2293 1559 2348 sicat
1591 2308 1680 2347 omnes
1705 2302 1795 2361 patrer
1826 2294 1876 2346 mei
1908 2291 1997 2364 (reat.

365 2386 456 2442 milia.
1207 2388 1335 2460 xxxviii),
1348 2396 1376 2444 et
1386 2387 1539 2459 intelligere
1557 2386 1660 2457 poteris
1674 2401 1770 2442 servos
1784 2384 1831 2441 Dei
1842 2385 2000 2455 ulrieuoque

310 2554 317 2558 ι
400 2475 519 2533 thilon
544 2476 597 2534 hoc
622 2476 683 2534 'ico
695 2477 774 2549 qnasi
787 2477 985 2549 reprehendam
995 2494 1090 2535 eorum
1103 2480 1157 2536 hu·
1207 2484 1273 2543 sint,
1288 2481 1353 2536 dum
1369 2481 1396 2536 in
1410 2493 1526 2550 corpore
1550 2487 1626 2543 suot,
1643 2478 1810 2550 peregrinari
1839 2475 1998 2542 abomino,

364 2564 509 2621 militatem
522 2605 530 2629 ,
555 2582 618 2637 quae
639 2575 735 2623 custos
754 2575 798 2624 est
819 2575 982 2624 caeterarum
1010 2570 1155 2637 uirtutum,
1206 2582 1234 2630 et
1247 2573 1384 2629 veraciter
1397 2571 1452 2628 dici
1467 2585 1550 2643 posse
1563 2571 1636 2642 apud
1649 2569 1734 2628 Mum
1745 2586 1807 2628 esse
1822 2573 1997 2643 peregrinos,

361 2673 482 2729 quoique
505 2658 606 2716 talibus
632 2660 742 2716 indiciis
762 2660 944 2732 propaletur;
966 2662 1013 2718 sed
1040 2663 1157 2719 ostendo
1206 2667 1254 2740 qui
1279 2673 1491 2738 emeramnus
1513 2663 1757 2736 comprehendant,
1784 2672 1812 2720 et
1834 2663 1863 2719 in
1886 2665 1929 2719 ria
1950 2662 1999 2721 Ilei

363 2766 454 2807 niumm
467 2752 541 2808 cirea
556 2767 658 2824 corpus
670 2752 772 2809 Christi
786 2754 971 2812 devotionem.
990 2753 1043 2826 lpsi
1054 2757 1155 2814 vernei
1205 2774 1268 2814 cum
1282 2757 1338 2814 ueo
1348 2766 1376 2813 et
1386 2755 1459 2828 apud
1470 2753 1555 2812 licum
1570 2755 1723 2821 ambulant,
1737 2763 1768 2810 ut
1782 2755 1816 2811 ad
1828 2757 1918 2826 ipsum
1934 2771 1999 2826 per·

305 2876 314 2909 ,
361 2843 439 2901 alind
454 2844 534 2902 aliter
548 2846 672 2916 sapiunt,
697 2845 749 2900 boc
773 2862 883 2918 quoque
898 2848 954 2905 illis
977 2845 1049 2905 heus
1077 2864 1157 2906 rese·
1206 2852 1300 2910 reuire
1312 2852 1436 2918 valeant;
1452 2856 1545 2921 patres
1558 2862 1624 2904 sero
1644 2863 1710 2906 suos
1728 2848 1756 2904 in
1773 2849 1825 2905 boc
1850 2849 1995 2906 imitantur
2032 2888 2036 2894 -

305 2967 313 3004 ,
363 2937 440 2993 iavit.
458 2936 531 2993 Sane
554 2937 588 2995 de
607 2935 711 3009 Regula
728 2938 784 3004 illa,
800 2955 883 3010 quam
906 2940 1018 3013 plurimi
1040 2942 1155 2998 emoni-
1204 2959 1267 3000 cum
1294 2944 1404 2998 illorum
1435 2942 1520 2998 vitam
1551 2939 1734 3012 inspiciendo,
1766 2956 1848 3012 quarn
1880 2942 1996 3014 longer

305 3082 312 3095 ,
363 3042 471 3092 corum,
486 3027 552 3099 quia
566 3029 608 3086 sie
624 3029 767 3094 intulatur,
782 3028 814 3087 B.
838 3033 987 3104 Augustini
1003 3049 1066 3091 ease
1085 3032 1155 3088 adir-
1204 3033 1299 3090 muudi
1314 3032 1502 3103 voluptatibus
1516 3047 1578 3088 sese
1593 3032 1720 3097 iecerint,
1736 3033 1837 3088 similia
1856 3034 1997 3105 operando

305 3151 320 3188 ,
363 3126 451 3182 mant,
464 3119 553 3174 arndeo
564 3126 670 3175 eertum
684 3119 921 3190 aliquiddehnire.
936 3120 1048 3179 sienim
1058 3123 1155 3180 duero
1205 3126 1276 3183 illios
1286 3126 1381 3182 eorum
1405 3139 1435 3181 se
1456 3138 1518 3180 esse
1539 3124 1670 3194 operibus
1694 3124 1853 3181 ostendunt.
1876 3125 1996 3183 Aduena

304 3244 320 3283 ,
363 3209 439 3267 illius
463 3225 518 3266 noo
541 3225 615 3276 esse,
640 3210 737 3267 titulus
766 3211 835 3283 ipse,
856 3212 904 3284 qui
933 3213 1036 3284 ubique
1053 3230 1155 3271 nomen
1189 3217 1421 3290 'igitursuntibi
1434 3231 1497 3271 cum
1510 3223 1538 3272 et
1552 3214 1637 3271 heum
1660 3216 1712 3271 sibi
1733 3216 1823 3271 locum
1839 3217 1953 3282 iaciunt,
1967 3225 1996 3272 et

304 3338 320 3377 ,
362 3304 508 3376 Augustini
521 3312 606 3368 must,
627 3305 800 3362 contradicet
818 3306 896 3364 mibi.
919 3305 1028 3366 Rursus
1042 3308 1067 3365 ri
1079 3308 1153 3363 adir-
1204 3313 1284 3384 longe
1301 3326 1331 3368 se
1343 3309 1433 3365 adbuc
1445 3324 1461 3364 a
1474 3308 1581 3364 coelesti
1608 3307 1698 3378 patria
1722 3323 1783 3365 esse
1812 3292 1993 3381 cognoscunt.

305 3432 322 3472 ,
363 3413 439 3453 mare
453 3397 565 3455 noluero
588 3399 662 3457 illius
685 3415 757 3469 esse,
772 3400 829 3456 duo
842 3408 907 3457 sunt
920 3416 982 3474 qnae
991 3401 1074 3473 objici
1089 3419 1153 3474 pos-
1205 3405 1234 3460 si
1249 3419 1316 3462 rero
1331 3403 1431 3460 meiius
1450 3402 1500 3457 tibi
1518 3403 1617 3473 piacet,
1630 3411 1660 3458 ut
1670 3401 1744 3474 quod
1765 3401 1868 3458 dieitur
1888 3401 1995 3460 Gerson

304 3526 323 3565 ,
362 3497 437 3554 sunt,
462 3499 519 3546 cta
531 3489 659 3561 pluribus
683 3490 823 3558 dicuntur,
836 3493 901 3562 quia
915 3491 1153 3550 oecinlibrolb·
1205 3497 1378 3569 interpretari
1393 3496 1494 3551 aduena
1511 3494 1697 3552 ibirelerntur
1710 3493 1745 3549 ad
1759 3494 1826 3549 illud
1839 3495 1993 3565 nuodsan·

304 3617 324 3659 1
361 3584 563 3645 tractationem,
585 3584 695 3654 utrius
719 3584 812 3656 plures
833 3584 907 3650 libri,
922 3585 1013 3657 posita
1025 3594 1079 3651 est,
1101 3601 1153 3644 nec
1203 3591 1241 3647 eti
1252 3591 1304 3646 riri
1317 3589 1443 3645 habitant
1459 3587 1560 3658 sepios
1576 3587 1655 3658 juxta
1677 3587 1803 3643 homines
1825 3587 1992 3655 mundanos,

305 3709 325 3751 1
362 3675 462 3731 modus
475 3676 725 3750 resboruntetstyli
736 3679 856 3748 praritas
869 3679 943 3734 illius
958 3677 1154 3736 dureliiluisas
1202 3694 1230 3740 et
1245 3682 1282 3738 ibi
1298 3691 1429 3754 unquam
1447 3682 1558 3738 adrenae
1573 3697 1627 3737 non
1643 3690 1774 3752 tanquam
1787 3680 1921 3751 indigene
1932 3694 1993 3736 mn.

304 3804 325 3844 ι
358 3767 535 3837 trumwini.
550 3767 652 3837 quaein
678 3768 723 3822 illa
748 3766 850 3840 Regula
877 3767 1025 3840 plurimum
1042 3768 1151 3827 desum.
1201 3782 1316 3843 rantur;
1333 3775 1399 3847 quia
1422 3789 1517 3830 eorum
1534 3775 1709 3831 conversatio
1736 3789 1791 3829 non
1808 3772 1863 3839 hic,
1889 3773 1937 3829 sed
1962 3773 1992 3830 in

305 3882 325 3935 3
358 3856 472 3914 Certins
484 3867 527 3915 est
540 3859 607 3915 illud
621 3859 694 3931 quod
713 3859 748 3917 de
773 3862 827 3916 rita
843 3875 893 3916 sua
909 3860 937 3916 in
957 3861 1028 3917 libro
1041 3861 1153 3934 Conser-
1202 3869 1272 3923 rmlo
1284 3875 1338 3924 est.
1354 3867 1481 3925 liaberet
1498 3868 1526 3923 io
1540 3868 1710 3924 hoerersum
1726 3867 1914 3938 propheticum
1925 3881 1994 3922 con·

304 3988 324 4027 ,
358 3949 538 4022 rioaarrripss
553 3951 642 4022 possit,
657 3953 731 4024 quod
746 3953 836 4009 lactus
859 3955 1002 4027 presbyter
1011 3964 1153 4014 monaste·
1202 3969 1356 4025 sonantem,
1366 3958 1413 4015 uhi
1423 3965 1485 4013 orat
1496 3967 1524 4014 et
1535 3956 1722 4012 dicitrlnrota
1735 3973 1781 4027 epo
1796 3972 1855 4011 aum
1865 3957 1990 4020 interra:

304 4079 323 4118 ,
359 4041 433 4096 rium
444 4042 610 4098 clericorum
633 4058 696 4099 mor
718 4043 849 4110 instituit,
866 4047 991 4118 etcmpit
1005 4047 1153 4105 viverere·
1201 4049 1414 4106 enumerandas
1437 4053 1654 4105 omcmonddta
1670 4059 1716 4104 tuo
1733 4048 1821 4120 (Prot.
1835 4049 1944 4121 carsii).
1960 4047 1991 4105 Si

305 4168 321 4208 3
357 4132 483 4189 cundum
494 4130 804 4205 Reperiamsubsaoctis
817 4138 1150 4209 apostolisconstitutam3
1200 4157 1267 4200 reru
1281 4142 1386 4198 aduena
1407 4143 1445 4199 ihi
1472 4142 1609 4199 celeratur
1632 4141 1667 4197 de
1682 4157 1764 4198 seruo
1778 4141 1827 4198 ltei
1842 4143 1876 4197 ad
1899 4143 1990 4213 ipsum

304 4259 318 4297 ,
357 4234 387 4282 et
411 4228 479 4284 illud
505 4229 579 4300 qrrod
601 4227 638 4287 de
660 4232 717 4285 rita
743 4230 817 4288 illius
832 4230 975 4289 Possidius
997 4233 1151 4305 discipulus
1201 4235 1298 4302 Derim,
1324 4237 1382 4293 sire
1402 4235 1437 4293 de
1451 4251 1531 4292 serso
1546 4235 1595 4292 llei
1617 4234 1651 4290 ad
1675 4235 1820 4302 mundum,
1842 4243 1991 4308 utrumque

304 4353 315 4390 ,
354 4319 422 4390 ejus
444 4321 568 4393 sumpsit.
597 4320 684 4378 Nemo
697 4338 764 4394 erpo
777 4339 828 4395 pro
847 4321 951 4396 Regula
973 4324 1019 4380 illa
1043 4329 1149 4383 socium
1200 4326 1629 4400 illiserrolleicoogruit,quia
1653 4336 1681 4383 et
1703 4327 1731 4382 in
1757 4327 1809 4383 hac
1835 4328 1890 4383 rita
1903 4327 1988 4384 mum

304 4441 317 4481 ι
355 4414 413 4470 τίω
428 4412 478 4470 bei
501 4429 563 4471 esse
583 4416 820 4487 prevaricatorem
842 4417 948 4482 credat,
975 4431 1057 4490 qnam
1075 4419 1150 4476 illius
1200 4420 1335 4491 sequitur,
1352 4433 1403 4475 nec
1427 4426 1456 4474 ut
1470 4418 1544 4489 capit
1572 4419 1651 4489 plene
1669 4416 1859 4487 consequitur,
1878 4425 1906 4471 et
1927 4415 1989 4471 ideo

304 4535 316 4574 1
355 4510 487 4562 auctoris
497 4505 582 4564 inisse
592 4507 672 4563 multi
683 4508 820 4564 dubitant.
835 4507 949 4567 Sitrero
961 4512 1150 4569 omnihusea·
1199 4510 1271 4583 apud
1284 4511 1367 4568 licum
1379 4511 1578 4582 peregrinatur,
1591 4518 1618 4566 et
1633 4508 1842 4565 interhomioes
1857 4516 1987 4578 tanquam

304 4624 315 4668 ι
354 4599 555 4657 miciaunus
579 4599 693 4656 affectus
705 4600 869 4658 observandi
884 4602 950 4674 quid
971 4604 1089 4676 quisque
1099 4620 1149 4661 ro·
1199 4603 1304 4659 adrena
1333 4602 1482 4666 habitans,
1511 4601 1660 4657 incolatum
1685 4616 1765 4656 suurn
1793 4600 1987 4672 prolongatum

305 4720 314 4763 ‚=
352 4692 441 4757 reris,
456 4689 583 4761 reiqund
598 4691 789 4761 unusquisque
808 4692 836 4746 iu
855 4707 904 4748 sua
922 4694 1050 4760 ecclesia,
1073 4694 1148 4766 quod
1198 4712 1269 4760 esse,
1295 4704 1323 4751 et
1345 4695 1539 4750 habitationem
1569 4694 1596 4749 in
1621 4692 1722 4755 Cedar,
1751 4693 1822 4748 heu!
1840 4692 1986 4748 clamando

305 4813 313 4854 n
351 4783 486 4856 religioni
502 4799 556 4840 oon
570 4783 673 4848 obviat,
689 4784 803 4840 invenit.
1197 4787 1380 4859 congeminat.
1396 4784 1424 4840 Si
1435 4793 1526 4841 autem
1535 4785 1606 4841 hanc
1614 4785 1865 4855 interpretationem
1876 4783 1986 4839 aduenae

305 4906 312 4941 ¹
351 4897 403 4954 vl.
423 4897 460 4952 lle
474 4898 608 4955 canonicis
621 4899 666 4970 qui
675 4898 756 4969 juata
775 4898 910 4952 homiuum
924 4901 1145 4955 conparationem
1161 4895 1184 4950 [l
1198 4880 1231 4934 ’ἀ
1263 4893 1485 4950 unumll¹¹0¹¹¹ll¹¹⁸³
1517 4876 1624 4933 fidelem
1657 4875 1797 4932 infime
1825 4891 1983 4945 P⁰⁸⁸¹¹¹¹¹¹¹⁸r

305 4997 312 5036 ,
391 4968 704 5031 hahitatiosemuahem,
720 4980 748 5023 ut
763 4977 824 5024 sant
841 4968 1144 5040 Sanctiosintioeuaea,
1196 4981 1300 5043 quanto
1314 4971 1401 5041 magis
1417 4970 1451 5024 ad
1466 4970 1540 5032 illos,
1563 4969 1610 5039 qui
1635 4966 1856 5023 bocnoosolum
1878 4965 1934 5021 rita
1957 4973 1985 5021 et

305 5078 311 5127 i
390 5040 427 5094 ὅ*
439 5037 534 5104 ΜΟ·
550 5039 846 5097 Μωγίθωῆωω·
1195 5065 1319 5119 moribus
1330 5069 1434 5124 tenent,
1446 5061 1494 5117 sed
1508 5059 1592 5117 etiam
1607 5060 1667 5131 ipso
1690 5059 1784 5114 habitu
1795 5065 1823 5114 et
1837 5070 1984 5113 conuersa·

305 5164 310 5221 p
389 5150 439 5207 di..
454 5149 587 5218 Quotriam
603 5151 632 5207 in
646 5152 836 5223 superioribus
855 5160 917 5223 port
930 5153 1082 5211 monachos
1103 5154 1146 5210 di·
1196 5157 1281 5217 tione,
1296 5169 1405 5209 necnon
1419 5152 1502 5209 etiam
1524 5152 1595 5215 loco,
1612 5160 1642 5206 ut
1657 5152 1725 5205 nihil
1741 5150 1777 5206 ah
1794 5165 1829 5205 eo
1849 5150 1922 5220 quod
1941 5148 1984 5204 di-

304 5264 310 5314 r
346 5244 430 5302 versi
441 5243 552 5300 babitus
564 5252 592 5300 et
605 5242 723 5309 ordinis,
736 5244 771 5300 de
780 5247 933 5310 canonicis,
953 5248 1000 5318 qui
1015 5247 1094 5318 louge
1115 5262 1146 5305 se
1194 5247 1267 5301 citur
1276 5244 1392 5307 Gerana,
1405 5244 1432 5298 id
1446 5250 1490 5299 est
1511 5243 1622 5308 aduena,
1635 5244 1673 5297 ibi
1698 5243 1857 5312 discrepare
1869 5242 1984 5297 ridean-

345 5335 566 5395 abhorninihus
592 5334 708 5400 iaciunt,
723 5351 811 5408 pauca
832 5353 882 5408 pro
896 5339 1003 5397 viribus
1014 5338 1143 5405 diximus,
1194 5339 1259 5393 turl
1280 5337 1366 5392 liabet
1379 5351 1445 5407 erpo
1461 5334 1520 5390 haec
1543 5335 1733 5405 interpretatio
1759 5350 1822 5390 cum
1841 5336 1984 5390 canonicis

304 5466 310 5506 ,
346 5444 434 5488 nunc
456 5427 491 5483 ad
509 5427 571 5484 iilos
595 5429 790 5485 cauomoorum
803 5444 894 5485 mores
916 5437 944 5485 et
963 5429 1087 5486 ordinem
1100 5444 1146 5486 re·
1194 5431 1283 5501 quiin
1301 5427 1457 5484 civitatibus
1481 5427 1522 5482 rel
1547 5427 1669 5482 castellis
1694 5425 1736 5481 rel
1757 5425 1830 5481 villis
1846 5424 1982 5488 habitant,

304 5544 310 5598 n
339 5520 489 5583 ¹silendum
499 5521 766 5593 est,quosquasiin
787 5521 878 5578 medio
893 5522 997 5593 positos
1009 5523 1146 5595 inspicere
1195 5539 1246 5578 nec
1272 5531 1364 5578 tamen
1381 5520 1546 5577 habitationi
1572 5519 1712 5575 hominum
1738 5533 1799 5575 sese
1814 5519 1981 5582 immiscent,

304 5646 310 5686 p
344 5628 518 5691 murus,
543 5620 573 5667 ut
595 5627 647 5668 uec
669 5614 742 5670 sicut
756 5613 796 5668 illi
814 5615 864 5686 qui
889 5614 997 5685 longius
1013 5615 1145 5671 secedunt
1195 5614 1314 5684 aliquam
1329 5613 1548 5674 consonantiam,
1571 5625 1634 5681 que
1650 5618 1676 5663 et
1692 5608 1802 5679 proprie
1819 5606 1854 5663 de
1874 5606 1982 5664 illisdi-

305 5738 308 5780 t
343 5703 653 5765 onwrtiahuminum
668 5703 870 5760 mundanorum
892 5703 1005 5760 omnino
1028 5704 1143 5776 lupiaot,
1194 5714 1284 5768 catur,
1302 5703 1478 5760 etacaeteris
1501 5702 1628 5759 lidslibus
1654 5716 1711 5756 noo
1739 5708 1922 5757 removeatur.
1948 5697 1982 5754 Et

305 5833 306 5867 l
342 5803 495 5864 nccsicut
507 5801 547 5857 ilii
559 5801 607 5874 qui
631 5802 778 5858 saculares
789 5800 930 5867 dicuntur,
947 5815 1010 5856 curn
1024 5800 1144 5857 homiui·
1195 5796 1318 5869 quiade
1344 5797 1406 5852 loco
1421 5804 1449 5853 et
1463 5794 1545 5852 modo
1567 5795 1745 5850 habitationis
1763 5793 1878 5850 leciorus
1903 5807 1982 5848 men·

342 5899 408 5957 hus
422 5893 618 5950 habitationem
633 5908 712 5949 suam
726 5893 940 5951 communicent.
952 5890 1145 5964 Proponuntur
1193 5891 1308 5953 tionem,
1321 5888 1392 5944 sicut
1404 5887 1531 5958 superius
1548 5887 1583 5941 de
1605 5885 1749 5941 monachis
1763 5885 1810 5957 qui
1834 5884 1862 5938 in
1884 5883 1980 5939 cirita·

340 5990 430 6049 enisu
440 5995 470 6043 et
483 5985 529 6043 isti
552 5986 588 6042 ad
610 6000 719 6042 morum
736 5985 917 6041 humanorum
931 5984 1142 6049 comestionem,
1195 5982 1269 6037 tibus
1283 5981 1325 6036 rol
1339 5980 1463 6035 castellis
1476 5978 1579 6048 degunt
1593 5977 1725 6039 diximus,
1753 5985 1784 6032 ut
1802 5975 1917 6030 oillcirue
1929 5992 1979 6030 eo-

341 6093 381 6140 nt
401 6079 470 6136 rnali
493 6077 616 6135 videntes
637 6091 735 6134 eornm
760 6077 845 6132 ritam
863 6091 881 6131 a
897 6075 1002 6131 malitia
1027 6090 1145 6133 conser-
1194 6090 1255 6130 rum
1268 6073 1464 6128 habitationem
1479 6071 1687 6126 hominumnon
1706 6069 1865 6140 respiciant.
1881 6069 1918 6123 ita
1934 6067 1979 6123 hic

340 6179 462 6238 untur,
475 6171 641 6230 cteonrersi
664 6170 707 6228 vei
733 6168 816 6226 talem
829 6168 912 6226 ritam
932 6167 1142 6242 aggrediantun
1194 6167 1334 6226 canonicis
1351 6166 1478 6225 similiter
1493 6164 1893 6234 laciendumesaedecemo,et
1905 6163 1977 6230 istis,
