<?xml version="1.0" encoding="UTF-8"?>
<!DOCTYPE html PUBLIC "-//W3C//DTD XHTML 1.0 Transitional//EN"
    "http://www.w3.org/TR/xhtml1/DTD/xhtml1-transitional.dtd">
<html xmlns="http://www.w3.org/1999/xhtml" xml:lang="en" lang="en">
 <head>
  <title>
</title>
<meta http-equiv="Content-Type" content="text/html;charset=utf-8" />
  <meta name='ocr-system' content='tesseract 3.04.00' />
  <meta name='ocr-capabilities' content='ocr_page ocr_carea ocr_par ocr_line ocrx_word'/>
</head>
<body>
  <div class='ocr_page' id='page_1' title='image "./mitralesivedeof00petrgoog_0060.png"; bbox 0 0 5125 7059; ppageno 0'>
   <div class='ocr_carea' id='block_1_1' title="bbox 609 718 2231 780">
    <p class='ocr_par' dir='ltr' id='par_1_1' title="bbox 609 718 2231 780">
     <span class='ocr_line' id='line_1_1' title="bbox 609 718 2231 780; baseline 0.001 -1"><span class='ocrx_word' id='word_1_1' title='bbox 609 721 664 779; x_wconf 74' lang='lat'><strong>{05</strong></span> <span class='ocrx_word' id='word_1_2' title='bbox 1136 718 1272 776; x_wconf 73' lang='lat' dir='ltr'><strong>SlCAlibl</strong></span> <span class='ocrx_word' id='word_1_3' title='bbox 1292 718 1533 777; x_wconf 71' lang='lat' dir='ltr'><strong>cduuosuu&#39;sts</strong></span> <span class='ocrx_word' id='word_1_4' title='bbox 1552 718 1705 776; x_wconf 77' lang='lat' dir='ltr'><strong>artscort</strong></span> <span class='ocrx_word' id='word_1_5' title='bbox 2178 724 2231 780; x_wconf 84' lang='lat' dir='ltr'><strong>tot</strong></span> 
     </span>
    </p>
   </div>
   <div class='ocr_carea' id='block_1_2' title="bbox 523 835 2231 5957">
    <p class='ocr_par' dir='ltr' id='par_1_2' title="bbox 523 835 2231 5957">
     <span class='ocr_line' id='line_1_2' title="bbox 609 835 2231 911; baseline 0.002 -16"><span class='ocrx_word' id='word_1_6' title='bbox 609 855 670 902; x_wconf 87' lang='lat' dir='ltr'><strong>nes,</strong></span> <span class='ocrx_word' id='word_1_7' title='bbox 690 839 737 895; x_wconf 85' lang='lat' dir='ltr'><strong>sed</strong></span> <span class='ocrx_word' id='word_1_8' title='bbox 761 837 813 893; x_wconf 71' lang='lat' dir='ltr'><strong>illae</strong></span> <span class='ocrx_word' id='word_1_9' title='bbox 831 835 942 900; x_wconf 78' lang='lat' dir='ltr'><strong>veteris,</strong></span> <span class='ocrx_word' id='word_1_10' title='bbox 966 837 1024 891; x_wconf 83' lang='lat' dir='ltr'><strong>iste</strong></span> <span class='ocrx_word' id='word_1_11' title='bbox 1053 849 1140 891; x_wconf 66' lang='lat' dir='ltr'><strong>norm.</strong></span> <span class='ocrx_word' id='word_1_12' title='bbox 1159 835 1280 907; x_wconf 74' lang='lat' dir='ltr'><strong>Epistola</strong></span> <span class='ocrx_word' id='word_1_13' title='bbox 1309 835 1393 906; x_wconf 90' lang='lat' dir='ltr'><strong>igitur</strong></span> <span class='ocrx_word' id='word_1_14' title='bbox 1405 841 1430 899; x_wconf 74' lang='grc' dir='ltr'><strong>Α</strong></span> <span class='ocrx_word' id='word_1_15' title='bbox 1442 837 1478 891; x_wconf 88' lang='lat' dir='ltr'><strong>cti</strong></span> <span class='ocrx_word' id='word_1_16' title='bbox 1491 835 1608 906; x_wconf 83' lang='lat' dir='ltr'><strong>Spiritus</strong></span> <span class='ocrx_word' id='word_1_17' title='bbox 1621 838 1692 891; x_wconf 83' lang='lat' dir='ltr'><strong>adsit</strong></span> <span class='ocrx_word' id='word_1_18' title='bbox 1714 837 1789 891; x_wconf 80' lang='lat' dir='ltr'><strong>trebir</strong></span> <span class='ocrx_word' id='word_1_19' title='bbox 1809 839 1908 906; x_wconf 81' lang='lat' dir='ltr'><strong>gratia.</strong></span> <span class='ocrx_word' id='word_1_20' title='bbox 1926 837 1959 894; x_wconf 76' lang='lat' dir='ltr'><strong>Er</strong></span> <span class='ocrx_word' id='word_1_21' title='bbox 1980 838 2082 894; x_wconf 88' lang='lat' dir='ltr'><strong>dicitur</strong></span> <span class='ocrx_word' id='word_1_22' title='bbox 2100 841 2231 911; x_wconf 90' lang='lat' dir='ltr'><strong>graduale</strong></span> 
     </span>
     <span class='ocr_line' id='line_1_3' title="bbox 607 927 2228 1002; baseline 0.001 -16"><span class='ocrx_word' id='word_1_23' title='bbox 607 941 650 987; x_wconf 82' lang='lat' dir='ltr'><strong>cst</strong></span> <span class='ocrx_word' id='word_1_24' title='bbox 664 932 764 987; x_wconf 76' lang='lat' dir='ltr'><strong>vicaria</strong></span> <span class='ocrx_word' id='word_1_25' title='bbox 775 932 876 1000; x_wconf 85' lang='lat' dir='ltr'><strong>legiset</strong></span> <span class='ocrx_word' id='word_1_26' title='bbox 891 928 1092 999; x_wconf 77' lang='lat' dir='ltr'><strong>prophetiarum</strong></span> <span class='ocrx_word' id='word_1_27' title='bbox 1106 938 1169 984; x_wconf 89' lang='lat' dir='ltr'><strong>anto</strong></span> <span class='ocrx_word' id='word_1_28' title='bbox 1180 937 1396 983; x_wconf 85' lang='lat' dir='ltr'><strong>sanctumeran·</strong></span> <span class='ocrx_word' id='word_1_29' title='bbox 1444 941 1460 982; x_wconf 90' lang='lat' dir='ltr'><strong>a</strong></span> <span class='ocrx_word' id='word_1_30' title='bbox 1480 927 1620 997; x_wconf 83' lang='lat' dir='ltr'><strong>gradibus,</strong></span> <span class='ocrx_word' id='word_1_31' title='bbox 1646 927 1672 982; x_wconf 90' lang='lat' dir='ltr'><strong>in</strong></span> <span class='ocrx_word' id='word_1_32' title='bbox 1687 928 1787 998; x_wconf 88' lang='lat' dir='ltr'><strong>quibus</strong></span> <span class='ocrx_word' id='word_1_33' title='bbox 1803 939 1939 995; x_wconf 87' lang='lat' dir='ltr'><strong>cantatur,</strong></span> <span class='ocrx_word' id='word_1_34' title='bbox 1953 930 1995 986; x_wconf 83' lang='lat' dir='ltr'><strong>vel</strong></span> <span class='ocrx_word' id='word_1_35' title='bbox 2010 931 2073 1001; x_wconf 84' lang='lat' dir='ltr'><strong>quia</strong></span> <span class='ocrx_word' id='word_1_36' title='bbox 2094 933 2228 1002; x_wconf 73' lang='lat' dir='ltr'><strong>gradatim</strong></span> 
     </span>
     <span class='ocr_line' id='line_1_4' title="bbox 607 1017 2228 1093; baseline 0.001 -16"><span class='ocrx_word' id='word_1_37' title='bbox 607 1024 718 1093; x_wconf 83' lang='lat' dir='ltr'><strong>gellam,</strong></span> <span class='ocrx_word' id='word_1_38' title='bbox 738 1020 870 1092; x_wconf 83' lang='lat' dir='ltr'><strong>praeconis</strong></span> <span class='ocrx_word' id='word_1_39' title='bbox 885 1035 980 1090; x_wconf 80' lang='lat' dir='ltr'><strong>gerens</strong></span> <span class='ocrx_word' id='word_1_40' title='bbox 999 1019 1128 1074; x_wconf 81' lang='lat' dir='ltr'><strong>officium.</strong></span> <span class='ocrx_word' id='word_1_41' title='bbox 1143 1018 1285 1074; x_wconf 74' lang='lat' dir='ltr'><strong>Praecessit</strong></span> <span class='ocrx_word' id='word_1_42' title='bbox 1303 1019 1395 1089; x_wconf 84' lang='lat' dir='ltr'><strong>itaque</strong></span> <span class='ocrx_word' id='word_1_43' title='bbox 1443 1017 1573 1073; x_wconf 88' lang='lat' dir='ltr'><strong>canitur:</strong></span> <span class='ocrx_word' id='word_1_44' title='bbox 1590 1018 1786 1089; x_wconf 76' lang='lat' dir='ltr'><strong>idemquoque</strong></span> <span class='ocrx_word' id='word_1_45' title='bbox 1814 1021 2020 1090; x_wconf 82' lang='lat' dir='ltr'><strong>responsorium</strong></span> <span class='ocrx_word' id='word_1_46' title='bbox 2039 1022 2150 1089; x_wconf 90' lang='lat' dir='ltr'><strong>dicitnr,</strong></span> <span class='ocrx_word' id='word_1_47' title='bbox 2165 1024 2228 1093; x_wconf 79' lang='lat' dir='ltr'><strong>nuria</strong></span> 
     </span>
     <span class='ocr_line' id='line_1_5' title="bbox 607 1109 2228 1185; baseline 0.003 -18"><span class='ocrx_word' id='word_1_48' title='bbox 607 1112 651 1167; x_wconf 84' lang='lat' dir='ltr'><strong>lea</strong></span> <span class='ocrx_word' id='word_1_49' title='bbox 684 1111 870 1181; x_wconf 82' lang='lat' dir='ltr'><strong>Euangelium,</strong></span> <span class='ocrx_word' id='word_1_50' title='bbox 891 1111 961 1164; x_wconf 88' lang='lat' dir='ltr'><strong>sicut</strong></span> <span class='ocrx_word' id='word_1_51' title='bbox 983 1124 1072 1179; x_wconf 75' lang='lat' dir='ltr'><strong>preco</strong></span> <span class='ocrx_word' id='word_1_52' title='bbox 1092 1109 1223 1179; x_wconf 82' lang='lat' dir='ltr'><strong>judicem,</strong></span> <span class='ocrx_word' id='word_1_53' title='bbox 1237 1110 1396 1166; x_wconf 86' lang='lat' dir='ltr'><strong>timorclra-</strong></span> <span class='ocrx_word' id='word_1_54' title='bbox 1444 1110 1589 1179; x_wconf 84' lang='lat' dir='ltr'><strong>respondet</strong></span> <span class='ocrx_word' id='word_1_55' title='bbox 1607 1110 1788 1180; x_wconf 77' lang='lat' dir='ltr'><strong>praedictioni,</strong></span> <span class='ocrx_word' id='word_1_56' title='bbox 1812 1112 1854 1167; x_wconf 83' lang='lat' dir='ltr'><strong>rel</strong></span> <span class='ocrx_word' id='word_1_57' title='bbox 1872 1113 1935 1182; x_wconf 84' lang='lat' dir='ltr'><strong>qnia</strong></span> <span class='ocrx_word' id='word_1_58' title='bbox 1950 1113 2017 1168; x_wconf 90' lang='lat' dir='ltr'><strong>illud</strong></span> <span class='ocrx_word' id='word_1_59' title='bbox 2031 1114 2228 1185; x_wconf 72' lang='lat' dir='ltr'><strong>incipientibus</strong></span> 
     </span>
     <span class='ocr_line' id='line_1_6' title="bbox 606 1201 2226 1273; baseline -0.001 -13"><span class='ocrx_word' id='word_1_60' title='bbox 606 1209 725 1270; x_wconf 87' lang='lat' dir='ltr'><strong>ritatem,</strong></span> <span class='ocrx_word' id='word_1_61' title='bbox 749 1205 856 1259; x_wconf 89' lang='lat' dir='ltr'><strong>initium</strong></span> <span class='ocrx_word' id='word_1_62' title='bbox 884 1201 1096 1272; x_wconf 66' lang='lat' dir='ltr'><strong>porrectionem,</strong></span> <span class='ocrx_word' id='word_1_63' title='bbox 1126 1202 1198 1258; x_wconf 86' lang='lat' dir='ltr'><strong>aetio</strong></span> <span class='ocrx_word' id='word_1_64' title='bbox 1222 1202 1392 1272; x_wconf 87' lang='lat' dir='ltr'><strong>contempla·</strong></span> <span class='ocrx_word' id='word_1_65' title='bbox 1443 1202 1588 1271; x_wconf 86' lang='lat' dir='ltr'><strong>respondet</strong></span> <span class='ocrx_word' id='word_1_66' title='bbox 1606 1202 1717 1265; x_wconf 88' lang='lat' dir='ltr'><strong>clrorus,</strong></span> <span class='ocrx_word' id='word_1_67' title='bbox 1732 1203 1774 1257; x_wconf 82' lang='lat' dir='ltr'><strong>uel</strong></span> <span class='ocrx_word' id='word_1_68' title='bbox 1801 1203 1865 1273; x_wconf 84' lang='lat' dir='ltr'><strong>quia</strong></span> <span class='ocrx_word' id='word_1_69' title='bbox 1880 1204 2025 1273; x_wconf 83' lang='lat' dir='ltr'><strong>respondet</strong></span> <span class='ocrx_word' id='word_1_70' title='bbox 2039 1205 2143 1260; x_wconf 82' lang='lat' dir='ltr'><strong>versui.</strong></span> <span class='ocrx_word' id='word_1_71' title='bbox 2159 1203 2226 1260; x_wconf 78' lang='lat' dir='ltr'><strong>l&#39;cr-</strong></span> 
     </span>
     <span class='ocr_line' id='line_1_7' title="bbox 607 1289 2228 1366; baseline -0.001 -16"><span class='ocrx_word' id='word_1_72' title='bbox 607 1298 722 1363; x_wconf 89' lang='lat' dir='ltr'><strong>tionem,</strong></span> <span class='ocrx_word' id='word_1_73' title='bbox 747 1313 818 1366; x_wconf 70' lang='lat' dir='ltr'><strong>quar,</strong></span> <span class='ocrx_word' id='word_1_74' title='bbox 834 1298 959 1365; x_wconf 78' lang='lat' dir='ltr'><strong>quamuis</strong></span> <span class='ocrx_word' id='word_1_75' title='bbox 982 1311 1052 1365; x_wconf 77' lang='lat' dir='ltr'><strong>sape</strong></span> <span class='ocrx_word' id='word_1_76' title='bbox 1064 1295 1098 1349; x_wconf 86' lang='lat' dir='ltr'><strong>de</strong></span> <span class='ocrx_word' id='word_1_77' title='bbox 1112 1293 1221 1364; x_wconf 90' lang='lat' dir='ltr'><strong>scriptis</strong></span> <span class='ocrx_word' id='word_1_78' title='bbox 1235 1295 1393 1365; x_wconf 78' lang='lat' dir='ltr'><strong>apostolicis</strong></span> <span class='ocrx_word' id='word_1_79' title='bbox 1444 1302 1492 1344; x_wconf 90' lang='lat' dir='ltr'><strong>sus</strong></span> <span class='ocrx_word' id='word_1_80' title='bbox 1511 1299 1627 1343; x_wconf 87' lang='lat' dir='ltr'><strong>autema</strong></span> <span class='ocrx_word' id='word_1_81' title='bbox 1644 1289 1795 1358; x_wconf 63' lang='lat' dir='ltr'><strong>vertendos,</strong></span> <span class='ocrx_word' id='word_1_82' title='bbox 1820 1291 1884 1360; x_wconf 84' lang='lat' dir='ltr'><strong>qnia</strong></span> <span class='ocrx_word' id='word_1_83' title='bbox 1905 1292 2019 1346; x_wconf 82' lang='lat' dir='ltr'><strong>uertitur</strong></span> <span class='ocrx_word' id='word_1_84' title='bbox 2032 1293 2066 1347; x_wconf 88' lang='lat' dir='ltr'><strong>ad</strong></span> <span class='ocrx_word' id='word_1_85' title='bbox 2083 1308 2228 1364; x_wconf 84' lang='lat' dir='ltr'><strong>responso-</strong></span> 
     </span>
     <span class='ocr_line' id='line_1_8' title="bbox 605 1378 2228 1455; baseline -0.001 -14"><span class='ocrx_word' id='word_1_86' title='bbox 605 1398 772 1452; x_wconf 86' lang='lat' dir='ltr'><strong>assumatur,</strong></span> <span class='ocrx_word' id='word_1_87' title='bbox 803 1386 830 1440; x_wconf 89' lang='lat' dir='ltr'><strong>iu</strong></span> <span class='ocrx_word' id='word_1_88' title='bbox 856 1385 1095 1455; x_wconf 86' lang='lat' dir='ltr'><strong>eotamengradu</strong></span> <span class='ocrx_word' id='word_1_89' title='bbox 1119 1393 1171 1449; x_wconf 91' lang='lat' dir='ltr'><strong>est,</strong></span> <span class='ocrx_word' id='word_1_90' title='bbox 1200 1399 1233 1439; x_wconf 91' lang='lat' dir='ltr'><strong>ae</strong></span> <span class='ocrx_word' id='word_1_91' title='bbox 1251 1385 1274 1440; x_wconf 90' lang='lat' dir='ltr'><strong>si</strong></span> <span class='ocrx_word' id='word_1_92' title='bbox 1287 1400 1393 1454; x_wconf 86' lang='lat' dir='ltr'><strong>semper</strong></span> <span class='ocrx_word' id='word_1_93' title='bbox 1442 1381 1526 1435; x_wconf 89' lang='lat' dir='ltr'><strong>rium.</strong></span> <span class='ocrx_word' id='word_1_94' title='bbox 1549 1378 1665 1436; x_wconf 84' lang='lat' dir='ltr'><strong>Tractus</strong></span> <span class='ocrx_word' id='word_1_95' title='bbox 1689 1383 1870 1447; x_wconf 82' lang='lat' dir='ltr'><strong>atralrcndo,</strong></span> <span class='ocrx_word' id='word_1_96' title='bbox 1893 1385 1957 1455; x_wconf 84' lang='lat' dir='ltr'><strong>qnia</strong></span> <span class='ocrx_word' id='word_1_97' title='bbox 1969 1384 2076 1439; x_wconf 87' lang='lat' dir='ltr'><strong>tractim</strong></span> <span class='ocrx_word' id='word_1_98' title='bbox 2091 1394 2228 1455; x_wconf 90' lang='lat' dir='ltr'><strong>cantatur,</strong></span> 
     </span>
     <span class='ocr_line' id='line_1_9' title="bbox 605 1472 2228 1545; baseline 0.002 -14"><span class='ocrx_word' id='word_1_99' title='bbox 605 1476 640 1532; x_wconf 89' lang='lat' dir='ltr'><strong>de</strong></span> <span class='ocrx_word' id='word_1_100' title='bbox 667 1476 725 1545; x_wconf 88' lang='lat' dir='ltr'><strong>lege</strong></span> <span class='ocrx_word' id='word_1_101' title='bbox 753 1475 794 1529; x_wconf 85' lang='lat' dir='ltr'><strong>rel</strong></span> <span class='ocrx_word' id='word_1_102' title='bbox 831 1475 1025 1545; x_wconf 85' lang='lat' dir='ltr'><strong>prophetarum</strong></span> <span class='ocrx_word' id='word_1_103' title='bbox 1054 1475 1194 1544; x_wconf 83' lang='lat' dir='ltr'><strong>praeconio</strong></span> <span class='ocrx_word' id='word_1_104' title='bbox 1218 1484 1391 1543; x_wconf 86' lang='lat' dir='ltr'><strong>surneretur;</strong></span> <span class='ocrx_word' id='word_1_105' title='bbox 1446 1473 1526 1542; x_wconf 82' lang='lat' dir='ltr'><strong>cujus</strong></span> <span class='ocrx_word' id='word_1_106' title='bbox 1542 1472 1576 1528; x_wconf 88' lang='lat' dir='ltr'><strong>ad</strong></span> <span class='ocrx_word' id='word_1_107' title='bbox 1602 1473 1691 1544; x_wconf 91' lang='lat' dir='ltr'><strong>ipsum</strong></span> <span class='ocrx_word' id='word_1_108' title='bbox 1712 1475 1828 1531; x_wconf 85' lang='lat' dir='ltr'><strong>uertitur</strong></span> <span class='ocrx_word' id='word_1_109' title='bbox 1849 1492 1961 1543; x_wconf 84' lang='lat' dir='ltr'><strong>uersus;</strong></span> <span class='ocrx_word' id='word_1_110' title='bbox 1982 1477 2093 1532; x_wconf 90' lang='lat' dir='ltr'><strong>alleluia</strong></span> <span class='ocrx_word' id='word_1_111' title='bbox 2121 1479 2228 1536; x_wconf 82' lang='lat' dir='ltr'><strong>laudate</strong></span> 
     </span>
     <span class='ocr_line' id='line_1_10' title="bbox 606 1563 2228 1637; baseline 0.002 -16"><span class='ocrx_word' id='word_1_112' title='bbox 606 1582 713 1635; x_wconf 82' lang='lat' dir='ltr'><strong>semper</strong></span> <span class='ocrx_word' id='word_1_113' title='bbox 726 1566 799 1619; x_wconf 88' lang='lat' dir='ltr'><strong>enim</strong></span> <span class='ocrx_word' id='word_1_114' title='bbox 814 1565 1025 1634; x_wconf 68' lang='lat' dir='ltr'><strong>procursionem</strong></span> <span class='ocrx_word' id='word_1_115' title='bbox 1049 1565 1160 1637; x_wconf 85' lang='lat' dir='ltr'><strong>ligarat,</strong></span> <span class='ocrx_word' id='word_1_116' title='bbox 1170 1567 1351 1621; x_wconf 88' lang='lat' dir='ltr'><strong>moralitatem</strong></span> <span class='ocrx_word' id='word_1_117' title='bbox 1365 1575 1392 1622; x_wconf 90' lang='lat' dir='ltr'><strong>et</strong></span> <span class='ocrx_word' id='word_1_118' title='bbox 1445 1563 1546 1628; x_wconf 63' lang='lat' dir='ltr'><strong>ileum·</strong></span> <span class='ocrx_word' id='word_1_119' title='bbox 1561 1565 1654 1634; x_wconf 90' lang='lat' dir='ltr'><strong>allelu,</strong></span> <span class='ocrx_word' id='word_1_120' title='bbox 1677 1567 1796 1634; x_wconf 63' lang='lat' dir='ltr'><strong>laudate·</strong></span> <span class='ocrx_word' id='word_1_121' title='bbox 1820 1569 1856 1634; x_wconf 91' lang='lat' dir='ltr'><strong>ia,</strong></span> <span class='ocrx_word' id='word_1_122' title='bbox 1869 1584 1954 1624; x_wconf 85' lang='lat' dir='ltr'><strong>rrnum</strong></span> <span class='ocrx_word' id='word_1_123' title='bbox 1971 1579 2013 1625; x_wconf 92' lang='lat' dir='ltr'><strong>est</strong></span> <span class='ocrx_word' id='word_1_124' title='bbox 2025 1570 2059 1626; x_wconf 93' lang='lat' dir='ltr'><strong>de</strong></span> <span class='ocrx_word' id='word_1_125' title='bbox 2073 1571 2166 1626; x_wconf 83' lang='lat' dir='ltr'><strong>decem</strong></span> <span class='ocrx_word' id='word_1_126' title='bbox 2179 1586 2228 1626; x_wconf 89' lang='lat' dir='ltr'><strong>no-</strong></span> 
     </span>
     <span class='ocr_line' id='line_1_11' title="bbox 605 1655 2227 1731; baseline 0.004 -21"><span class='ocrx_word' id='word_1_127' title='bbox 605 1657 741 1710; x_wconf 84' lang='lat' dir='ltr'><strong>uctionem</strong></span> <span class='ocrx_word' id='word_1_128' title='bbox 757 1655 888 1721; x_wconf 88' lang='lat' dir='ltr'><strong>insinuat,</strong></span> <span class='ocrx_word' id='word_1_129' title='bbox 913 1665 941 1709; x_wconf 88' lang='lat' dir='ltr'><strong>et</strong></span> <span class='ocrx_word' id='word_1_130' title='bbox 966 1665 1071 1710; x_wconf 90' lang='lat' dir='ltr'><strong>tantum</strong></span> <span class='ocrx_word' id='word_1_131' title='bbox 1086 1657 1170 1712; x_wconf 85' lang='lat' dir='ltr'><strong>distas</strong></span> <span class='ocrx_word' id='word_1_132' title='bbox 1182 1657 1217 1713; x_wconf 85' lang='lat' dir='ltr'><strong>ab</strong></span> <span class='ocrx_word' id='word_1_133' title='bbox 1230 1658 1389 1729; x_wconf 81' lang='lat' dir='ltr'><strong>evangelica</strong></span> <span class='ocrx_word' id='word_1_134' title='bbox 1441 1657 1561 1713; x_wconf 84' lang='lat' dir='ltr'><strong>minibus</strong></span> <span class='ocrx_word' id='word_1_135' title='bbox 1574 1656 1739 1724; x_wconf 71' lang='lat' dir='ltr'><strong>bominide</strong></span> <span class='ocrx_word' id='word_1_136' title='bbox 1752 1660 1831 1731; x_wconf 84' lang='lat' dir='ltr'><strong>cujus</strong></span> <span class='ocrx_word' id='word_1_137' title='bbox 1845 1675 1926 1716; x_wconf 83' lang='lat' dir='ltr'><strong>uersu</strong></span> <span class='ocrx_word' id='word_1_138' title='bbox 1943 1660 1977 1716; x_wconf 89' lang='lat' dir='ltr'><strong>ad</strong></span> <span class='ocrx_word' id='word_1_139' title='bbox 1992 1660 2101 1717; x_wconf 90' lang='lat' dir='ltr'><strong>alleluia</strong></span> <span class='ocrx_word' id='word_1_140' title='bbox 2116 1663 2227 1718; x_wconf 81' lang='lat' dir='ltr'><strong>reuerti·</strong></span> 
     </span>
     <span class='ocr_line' id='line_1_12' title="bbox 605 1748 2227 1819; baseline 0.004 -17"><span class='ocrx_word' id='word_1_141' title='bbox 605 1749 756 1816; x_wconf 84' lang='lat' dir='ltr'><strong>nrajcstate,</strong></span> <span class='ocrx_word' id='word_1_142' title='bbox 779 1758 911 1818; x_wconf 77' lang='lat' dir='ltr'><strong>quantum</strong></span> <span class='ocrx_word' id='word_1_143' title='bbox 928 1748 999 1802; x_wconf 92' lang='lat' dir='ltr'><strong>actio</strong></span> <span class='ocrx_word' id='word_1_144' title='bbox 1011 1764 1027 1803; x_wconf 91' lang='lat' dir='ltr'><strong>a</strong></span> <span class='ocrx_word' id='word_1_145' title='bbox 1041 1749 1280 1819; x_wconf 84' lang='lat' dir='ltr'><strong>contemplatione,</strong></span> <span class='ocrx_word' id='word_1_146' title='bbox 1292 1765 1389 1807; x_wconf 83' lang='lat' dir='ltr'><strong>seruus</strong></span> <span class='ocrx_word' id='word_1_147' title='bbox 1442 1765 1514 1816; x_wconf 85' lang='lat' dir='ltr'><strong>mur,</strong></span> <span class='ocrx_word' id='word_1_148' title='bbox 1529 1758 1556 1806; x_wconf 89' lang='lat' dir='ltr'><strong>ct</strong></span> <span class='ocrx_word' id='word_1_149' title='bbox 1567 1759 1732 1808; x_wconf 85' lang='lat' dir='ltr'><strong>revertentes</strong></span> <span class='ocrx_word' id='word_1_150' title='bbox 1752 1753 1861 1806; x_wconf 85' lang='lat' dir='ltr'><strong>neumis</strong></span> <span class='ocrx_word' id='word_1_151' title='bbox 1883 1752 1995 1807; x_wconf 87' lang='lat' dir='ltr'><strong>utimur.</strong></span> <span class='ocrx_word' id='word_1_152' title='bbox 2009 1751 2058 1808; x_wconf 85' lang='lat' dir='ltr'><strong>Est</strong></span> <span class='ocrx_word' id='word_1_153' title='bbox 2072 1763 2163 1809; x_wconf 91' lang='lat' dir='ltr'><strong>autem</strong></span> <span class='ocrx_word' id='word_1_154' title='bbox 2173 1753 2227 1809; x_wconf 89' lang='lat' dir='ltr'><strong>dil·</strong></span> 
     </span>
     <span class='ocr_line' id='line_1_13' title="bbox 602 1837 2227 1915; baseline 0.002 -21"><span class='ocrx_word' id='word_1_155' title='bbox 602 1855 619 1894; x_wconf 89' lang='lat' dir='ltr'><strong>a</strong></span> <span class='ocrx_word' id='word_1_156' title='bbox 647 1839 771 1907; x_wconf 79' lang='lat' dir='ltr'><strong>Domino,</strong></span> <span class='ocrx_word' id='word_1_157' title='bbox 797 1856 918 1910; x_wconf 83' lang='lat' dir='ltr'><strong>praecoa</strong></span> <span class='ocrx_word' id='word_1_158' title='bbox 939 1840 1041 1910; x_wconf 84' lang='lat' dir='ltr'><strong>judice,</strong></span> <span class='ocrx_word' id='word_1_159' title='bbox 1063 1840 1167 1910; x_wconf 91' lang='lat' dir='ltr'><strong>legatus</strong></span> <span class='ocrx_word' id='word_1_160' title='bbox 1180 1841 1215 1895; x_wconf 92' lang='lat' dir='ltr'><strong>ab</strong></span> <span class='ocrx_word' id='word_1_161' title='bbox 1229 1856 1263 1896; x_wconf 92' lang='lat' dir='ltr'><strong>eo</strong></span> <span class='ocrx_word' id='word_1_162' title='bbox 1275 1843 1324 1912; x_wconf 86' lang='lat' dir='ltr'><strong>qai</strong></span> <span class='ocrx_word' id='word_1_163' title='bbox 1336 1843 1390 1896; x_wconf 85' lang='lat' dir='ltr'><strong>mi·</strong></span> <span class='ocrx_word' id='word_1_164' title='bbox 1441 1837 1554 1896; x_wconf 78' lang='lat' dir='ltr'><strong>ferentia</strong></span> <span class='ocrx_word' id='word_1_165' title='bbox 1568 1842 1638 1897; x_wconf 91' lang='lat' dir='ltr'><strong>inter</strong></span> <span class='ocrx_word' id='word_1_166' title='bbox 1660 1857 1761 1897; x_wconf 91' lang='lat' dir='ltr'><strong>neuma</strong></span> <span class='ocrx_word' id='word_1_167' title='bbox 1787 1857 1904 1905; x_wconf 83' lang='lat' dir='ltr'><strong>neumae,</strong></span> <span class='ocrx_word' id='word_1_168' title='bbox 1919 1852 1946 1898; x_wconf 90' lang='lat' dir='ltr'><strong>et</strong></span> <span class='ocrx_word' id='word_1_169' title='bbox 1960 1859 2076 1915; x_wconf 78' lang='lat' dir='ltr'><strong>pneuma</strong></span> <span class='ocrx_word' id='word_1_170' title='bbox 2096 1859 2227 1913; x_wconf 87' lang='lat' dir='ltr'><strong>pneuma·</strong></span> 
     </span>
     <span class='ocr_line' id='line_1_14' title="bbox 602 1931 2226 2005; baseline 0.002 -19"><span class='ocrx_word' id='word_1_171' title='bbox 602 1933 639 1986; x_wconf 90' lang='lat' dir='ltr'><strong>sit</strong></span> <span class='ocrx_word' id='word_1_172' title='bbox 654 1932 740 1987; x_wconf 91' lang='lat' dir='ltr'><strong>illum.</strong></span> <span class='ocrx_word' id='word_1_173' title='bbox 772 1931 942 2001; x_wconf 74' lang='lat' dir='ltr'><strong>Quapropter</strong></span> <span class='ocrx_word' id='word_1_174' title='bbox 970 1947 1034 1988; x_wconf 91' lang='lat' dir='ltr'><strong>cum</strong></span> <span class='ocrx_word' id='word_1_175' title='bbox 1055 1931 1169 2002; x_wconf 90' lang='lat' dir='ltr'><strong>epistola</strong></span> <span class='ocrx_word' id='word_1_176' title='bbox 1193 1932 1303 2001; x_wconf 90' lang='lat' dir='ltr'><strong>legitur,</strong></span> <span class='ocrx_word' id='word_1_177' title='bbox 1330 1934 1390 1989; x_wconf 90' lang='lat' dir='ltr'><strong>sine</strong></span> <span class='ocrx_word' id='word_1_178' title='bbox 1440 1931 1493 1999; x_wconf 88' lang='lat' dir='ltr'><strong>tis;</strong></span> <span class='ocrx_word' id='word_1_179' title='bbox 1511 1947 1610 1987; x_wconf 91' lang='lat' dir='ltr'><strong>neuma</strong></span> <span class='ocrx_word' id='word_1_180' title='bbox 1638 1949 1755 2002; x_wconf 84' lang='lat' dir='ltr'><strong>neumae,</strong></span> <span class='ocrx_word' id='word_1_181' title='bbox 1778 1932 1899 2004; x_wconf 53' lang='lat' dir='ltr'><strong>jubilum·</strong></span> <span class='ocrx_word' id='word_1_182' title='bbox 1924 1950 2041 2005; x_wconf 85' lang='lat' dir='ltr'><strong>pneuma</strong></span> <span class='ocrx_word' id='word_1_183' title='bbox 2070 1936 2226 2005; x_wconf 87' lang='lat' dir='ltr'><strong>pneumatis</strong></span> 
     </span>
     <span class='ocr_line' id='line_1_15' title="bbox 603 2021 2225 2096; baseline 0.002 -18"><span class='ocrx_word' id='word_1_184' title='bbox 603 2025 702 2094; x_wconf 83' lang='lat' dir='ltr'><strong>injuria</strong></span> <span class='ocrx_word' id='word_1_185' title='bbox 724 2024 862 2089; x_wconf 85' lang='lat' dir='ltr'><strong>sedemus,</strong></span> <span class='ocrx_word' id='word_1_186' title='bbox 886 2025 933 2079; x_wconf 91' lang='lat' dir='ltr'><strong>sed</strong></span> <span class='ocrx_word' id='word_1_187' title='bbox 960 2025 1025 2079; x_wconf 93' lang='lat' dir='ltr'><strong>dum</strong></span> <span class='ocrx_word' id='word_1_188' title='bbox 1048 2022 1224 2096; x_wconf 83' lang='lat' dir='ltr'><strong>Euangelium</strong></span> <span class='ocrx_word' id='word_1_189' title='bbox 1250 2025 1388 2089; x_wconf 90' lang='lat' dir='ltr'><strong>audimus,</strong></span> <span class='ocrx_word' id='word_1_190' title='bbox 1439 2031 1482 2079; x_wconf 86' lang='lat' dir='ltr'><strong>est</strong></span> <span class='ocrx_word' id='word_1_191' title='bbox 1503 2021 1618 2093; x_wconf 80' lang='lat' dir='ltr'><strong>Spiritus</strong></span> <span class='ocrx_word' id='word_1_192' title='bbox 1631 2024 1756 2080; x_wconf 82' lang='lat' dir='ltr'><strong>Sanctus.</strong></span> <span class='ocrx_word' id='word_1_193' title='bbox 1781 2024 1928 2096; x_wconf 83' lang='lat' dir='ltr'><strong>Sequentia</strong></span> <span class='ocrx_word' id='word_1_194' title='bbox 1944 2040 2010 2081; x_wconf 84' lang='lat' dir='ltr'><strong>vero</strong></span> <span class='ocrx_word' id='word_1_195' title='bbox 2029 2027 2225 2096; x_wconf 81' lang='lat' dir='ltr'><strong>dicitur,quia</strong></span> 
     </span>
     <span class='ocr_line' id='line_1_16' title="bbox 602 2115 2226 2188; baseline 0.002 -20"><span class='ocrx_word' id='word_1_196' title='bbox 602 2116 730 2181; x_wconf 84' lang='lat' dir='ltr'><strong>bondno,</strong></span> <span class='ocrx_word' id='word_1_197' title='bbox 757 2115 886 2172; x_wconf 87' lang='lat' dir='ltr'><strong>demissis</strong></span> <span class='ocrx_word' id='word_1_198' title='bbox 898 2115 1028 2182; x_wconf 85' lang='lat' dir='ltr'><strong>uultibus,</strong></span> <span class='ocrx_word' id='word_1_199' title='bbox 1041 2124 1197 2172; x_wconf 83' lang='lat' dir='ltr'><strong>reverenter</strong></span> <span class='ocrx_word' id='word_1_200' title='bbox 1222 2115 1388 2172; x_wconf 85' lang='lat' dir='ltr'><strong>assistimus.</strong></span> <span class='ocrx_word' id='word_1_201' title='bbox 1441 2130 1566 2171; x_wconf 89' lang='lat' dir='ltr'><strong>neumam</strong></span> <span class='ocrx_word' id='word_1_202' title='bbox 1583 2116 1663 2186; x_wconf 82' lang='lat' dir='ltr'><strong>jubili</strong></span> <span class='ocrx_word' id='word_1_203' title='bbox 1687 2118 1823 2188; x_wconf 88' lang='lat' dir='ltr'><strong>sequitur,</strong></span> <span class='ocrx_word' id='word_1_204' title='bbox 1846 2124 1874 2172; x_wconf 89' lang='lat' dir='ltr'><strong>ct</strong></span> <span class='ocrx_word' id='word_1_205' title='bbox 1899 2118 1999 2173; x_wconf 88' lang='lat' dir='ltr'><strong>dicitur</strong></span> <span class='ocrx_word' id='word_1_206' title='bbox 2020 2119 2163 2188; x_wconf 85' lang='lat' dir='ltr'><strong>sequentia</strong></span> <span class='ocrx_word' id='word_1_207' title='bbox 2183 2133 2226 2174; x_wconf 87' lang='lat' dir='ltr'><strong>se·</strong></span> 
     </span>
     <span class='ocr_line' id='line_1_17' title="bbox 600 2188 2225 2281; baseline 0.002 -21"><span class='ocrx_word' id='word_1_208' title='bbox 600 2205 675 2262; x_wconf 89' lang='lat' dir='ltr'><strong>Usus</strong></span> <span class='ocrx_word' id='word_1_209' title='bbox 690 2222 756 2263; x_wconf 87' lang='lat' dir='ltr'><strong>reru</strong></span> <span class='ocrx_word' id='word_1_210' title='bbox 779 2208 901 2275; x_wconf 89' lang='lat' dir='ltr'><strong>sedendi,</strong></span> <span class='ocrx_word' id='word_1_211' title='bbox 921 2222 937 2263; x_wconf 93' lang='lat' dir='ltr'><strong>a</strong></span> <span class='ocrx_word' id='word_1_212' title='bbox 964 2206 1052 2263; x_wconf 82' lang='lat' dir='ltr'><strong>Veteri</strong></span> <span class='ocrx_word' id='word_1_213' title='bbox 1070 2206 1247 2264; x_wconf 83' lang='lat' dir='ltr'><strong>Testamenta</strong></span> <span class='ocrx_word' id='word_1_214' title='bbox 1268 2208 1388 2262; x_wconf 90' lang='lat' dir='ltr'><strong>assumi·</strong></span> <span class='ocrx_word' id='word_1_215' title='bbox 1404 2188 1575 2278; x_wconf 75' lang='lat' dir='ltr'><strong>ssqnentie,</strong></span> <span class='ocrx_word' id='word_1_216' title='bbox 1596 2216 1624 2263; x_wconf 93' lang='lat' dir='ltr'><strong>et</strong></span> <span class='ocrx_word' id='word_1_217' title='bbox 1637 2208 1682 2264; x_wconf 87' lang='lat' dir='ltr'><strong>bic</strong></span> <span class='ocrx_word' id='word_1_218' title='bbox 1695 2216 1723 2263; x_wconf 91' lang='lat' dir='ltr'><strong>ct</strong></span> <span class='ocrx_word' id='word_1_219' title='bbox 1747 2209 1775 2264; x_wconf 93' lang='lat' dir='ltr'><strong>in</strong></span> <span class='ocrx_word' id='word_1_220' title='bbox 1796 2208 1951 2280; x_wconf 84' lang='lat' dir='ltr'><strong>Erarrgelin,</strong></span> <span class='ocrx_word' id='word_1_221' title='bbox 1967 2224 2049 2278; x_wconf 81' lang='lat' dir='ltr'><strong>quam</strong></span> <span class='ocrx_word' id='word_1_222' title='bbox 2064 2220 2090 2265; x_wconf 94' lang='lat' dir='ltr'><strong>et</strong></span> <span class='ocrx_word' id='word_1_223' title='bbox 2104 2225 2225 2281; x_wconf 88' lang='lat' dir='ltr'><strong>prosam,</strong></span> 
     </span>
     <span class='ocr_line' id='line_1_18' title="bbox 600 2295 2225 2370; baseline 0.002 -19"><span class='ocrx_word' id='word_1_224' title='bbox 600 2307 655 2360; x_wconf 92' lang='lat' dir='ltr'><strong>tur,</strong></span> <span class='ocrx_word' id='word_1_225' title='bbox 670 2297 740 2351; x_wconf 93' lang='lat' dir='ltr'><strong>sicut</strong></span> <span class='ocrx_word' id='word_1_226' title='bbox 754 2298 780 2350; x_wconf 92' lang='lat' dir='ltr'><strong>in</strong></span> <span class='ocrx_word' id='word_1_227' title='bbox 804 2295 889 2352; x_wconf 83' lang='lat' dir='ltr'><strong>Esdra</strong></span> <span class='ocrx_word' id='word_1_228' title='bbox 913 2297 1012 2369; x_wconf 88' lang='lat' dir='ltr'><strong>legitur</strong></span> <span class='ocrx_word' id='word_1_229' title='bbox 1028 2297 1056 2366; x_wconf 73' lang='grc' dir='ltr'><strong>’ς</strong></span> <span class='ocrx_word' id='word_1_230' title='bbox 1071 2298 1182 2368; x_wconf 79' lang='lat' dir='ltr'><strong>quidam</strong></span> <span class='ocrx_word' id='word_1_231' title='bbox 1202 2307 1294 2352; x_wconf 78' lang='lat' dir='ltr'><strong>tamma</strong></span> <span class='ocrx_word' id='word_1_232' title='bbox 1312 2307 1387 2352; x_wconf 89' lang='lat' dir='ltr'><strong>stant</strong></span> <span class='ocrx_word' id='word_1_233' title='bbox 1439 2296 1467 2352; x_wconf 92' lang='lat' dir='ltr'><strong>id</strong></span> <span class='ocrx_word' id='word_1_234' title='bbox 1489 2307 1532 2354; x_wconf 88' lang='lat' dir='ltr'><strong>cst</strong></span> <span class='ocrx_word' id='word_1_235' title='bbox 1545 2299 1654 2369; x_wconf 90' lang='lat' dir='ltr'><strong>longam</strong></span> <span class='ocrx_word' id='word_1_236' title='bbox 1676 2299 1759 2354; x_wconf 90' lang='lat' dir='ltr'><strong>etiam</strong></span> <span class='ocrx_word' id='word_1_237' title='bbox 1775 2300 1955 2370; x_wconf 88' lang='lat' dir='ltr'><strong>appellamus.</strong></span> <span class='ocrx_word' id='word_1_238' title='bbox 1972 2299 2050 2355; x_wconf 84' lang='lat' dir='ltr'><strong>Sicut</strong></span> <span class='ocrx_word' id='word_1_239' title='bbox 2064 2300 2225 2370; x_wconf 86' lang='lat' dir='ltr'><strong>pcrepisto·</strong></span> 
     </span>
     <span class='ocr_line' id='line_1_19' title="bbox 599 2387 2224 2464; baseline 0.002 -18"><span class='ocrx_word' id='word_1_240' title='bbox 599 2390 633 2446; x_wconf 79' lang='lat' dir='ltr'><strong>ed</strong></span> <span class='ocrx_word' id='word_1_241' title='bbox 650 2390 786 2459; x_wconf 80' lang='lat' dir='ltr'><strong>Epistulas</strong></span> <span class='ocrx_word' id='word_1_242' title='bbox 806 2390 883 2445; x_wconf 89' lang='lat' dir='ltr'><strong>Pauli</strong></span> <span class='ocrx_word' id='word_1_243' title='bbox 907 2390 928 2457; x_wconf 74' lang='lat'><strong>⁹,</strong></span> <span class='ocrx_word' id='word_1_244' title='bbox 955 2406 988 2445; x_wconf 92' lang='lat' dir='ltr'><strong>eo</strong></span> <span class='ocrx_word' id='word_1_245' title='bbox 1010 2391 1081 2461; x_wconf 85' lang='lat' dir='ltr'><strong>quod</strong></span> <span class='ocrx_word' id='word_1_246' title='bbox 1108 2405 1186 2446; x_wconf 89' lang='lat' dir='ltr'><strong>suam</strong></span> <span class='ocrx_word' id='word_1_247' title='bbox 1214 2389 1387 2460; x_wconf 69' lang='lat' dir='ltr'><strong>praedicatio·</strong></span> <span class='ocrx_word' id='word_1_248' title='bbox 1438 2387 1492 2443; x_wconf 87' lang='lat' dir='ltr'><strong>lam</strong></span> <span class='ocrx_word' id='word_1_249' title='bbox 1507 2389 1689 2446; x_wconf 80' lang='lat' dir='ltr'><strong>intelleximus</strong></span> <span class='ocrx_word' id='word_1_250' title='bbox 1709 2388 1824 2447; x_wconf 83' lang='lat' dir='ltr'><strong>loannis</strong></span> <span class='ocrx_word' id='word_1_251' title='bbox 1846 2392 2085 2462; x_wconf 65' lang='lat' dir='ltr'><strong>pradicationem</strong></span> <span class='ocrx_word' id='word_1_252' title='bbox 2100 2393 2141 2449; x_wconf 85' lang='lat' dir='ltr'><strong>sic</strong></span> <span class='ocrx_word' id='word_1_253' title='bbox 2155 2407 2224 2464; x_wconf 87' lang='lat' dir='ltr'><strong>quo·</strong></span> 
     </span>
     <span class='ocr_line' id='line_1_20' title="bbox 598 2480 2225 2556; baseline 0.002 -20"><span class='ocrx_word' id='word_1_254' title='bbox 598 2497 660 2536; x_wconf 89' lang='lat' dir='ltr'><strong>nem</strong></span> <span class='ocrx_word' id='word_1_255' title='bbox 681 2481 857 2551; x_wconf 83' lang='lat' dir='ltr'><strong>Euangelium</strong></span> <span class='ocrx_word' id='word_1_256' title='bbox 881 2483 1042 2537; x_wconf 85' lang='lat' dir='ltr'><strong>nominavit.</strong></span> <span class='ocrx_word' id='word_1_257' title='bbox 1058 2480 1105 2537; x_wconf 78' lang='lat' dir='ltr'><strong>Vel</strong></span> <span class='ocrx_word' id='word_1_258' title='bbox 1124 2480 1245 2551; x_wconf 81' lang='lat' dir='ltr'><strong>Epistola</strong></span> <span class='ocrx_word' id='word_1_259' title='bbox 1259 2481 1387 2551; x_wconf 89' lang='lat' dir='ltr'><strong>spiritua·</strong></span> <span class='ocrx_word' id='word_1_260' title='bbox 1435 2495 1490 2552; x_wconf 82' lang='lat' dir='ltr'><strong>que</strong></span> <span class='ocrx_word' id='word_1_261' title='bbox 1508 2496 1556 2550; x_wconf 87' lang='lat' dir='ltr'><strong>per</strong></span> <span class='ocrx_word' id='word_1_262' title='bbox 1569 2481 1709 2552; x_wconf 87' lang='lat' dir='ltr'><strong>graduale,</strong></span> <span class='ocrx_word' id='word_1_263' title='bbox 1739 2483 1923 2553; x_wconf 88' lang='lat' dir='ltr'><strong>apostolorum</strong></span> <span class='ocrx_word' id='word_1_264' title='bbox 1950 2485 2070 2556; x_wconf 74' lang='lat' dir='ltr'><strong>intellige</strong></span> <span class='ocrx_word' id='word_1_265' title='bbox 2095 2485 2225 2556; x_wconf 80' lang='lat' dir='ltr'><strong>praedica·</strong></span> 
     </span>
     <span class='ocr_line' id='line_1_21' title="bbox 598 2570 2222 2646; baseline 0.003 -20"><span class='ocrx_word' id='word_1_266' title='bbox 598 2573 659 2627; x_wconf 89' lang='lat' dir='ltr'><strong>liter</strong></span> <span class='ocrx_word' id='word_1_267' title='bbox 672 2574 805 2644; x_wconf 89' lang='lat' dir='ltr'><strong>signiticat</strong></span> <span class='ocrx_word' id='word_1_268' title='bbox 816 2573 1034 2643; x_wconf 73' lang='lat' dir='ltr'><strong>predicationem</strong></span> <span class='ocrx_word' id='word_1_269' title='bbox 1045 2570 1161 2627; x_wconf 83' lang='lat' dir='ltr'><strong>loannis</strong></span> <span class='ocrx_word' id='word_1_270' title='bbox 1175 2570 1303 2643; x_wconf 81' lang='lat' dir='ltr'><strong>Baptistae</strong></span> <span class='ocrx_word' id='word_1_271' title='bbox 1317 2588 1387 2643; x_wconf 81' lang='lat' dir='ltr'><strong>pra·</strong></span> <span class='ocrx_word' id='word_1_272' title='bbox 1437 2573 1552 2639; x_wconf 90' lang='lat' dir='ltr'><strong>tionem;</strong></span> <span class='ocrx_word' id='word_1_273' title='bbox 1568 2580 1595 2628; x_wconf 93' lang='lat' dir='ltr'><strong>et</strong></span> <span class='ocrx_word' id='word_1_274' title='bbox 1610 2588 1658 2642; x_wconf 88' lang='lat' dir='ltr'><strong>per</strong></span> <span class='ocrx_word' id='word_1_275' title='bbox 1677 2573 1803 2640; x_wconf 77' lang='lat' dir='ltr'><strong>Alleluia,</strong></span> <span class='ocrx_word' id='word_1_276' title='bbox 1819 2590 1883 2630; x_wconf 91' lang='lat' dir='ltr'><strong>cum</strong></span> <span class='ocrx_word' id='word_1_277' title='bbox 1905 2574 2051 2631; x_wconf 84' lang='lat' dir='ltr'><strong>devotione</strong></span> <span class='ocrx_word' id='word_1_278' title='bbox 2068 2585 2097 2631; x_wconf 89' lang='lat' dir='ltr'><strong>et</strong></span> <span class='ocrx_word' id='word_1_279' title='bbox 2122 2577 2222 2646; x_wconf 74' lang='lat' dir='ltr'><strong>predi-</strong></span> 
     </span>
     <span class='ocr_line' id='line_1_22' title="bbox 598 2662 2220 2739; baseline 0.004 -21"><span class='ocrx_word' id='word_1_280' title='bbox 598 2664 719 2718; x_wconf 89' lang='lat' dir='ltr'><strong>cursoris</strong></span> <span class='ocrx_word' id='word_1_281' title='bbox 742 2662 862 2727; x_wconf 85' lang='lat' dir='ltr'><strong>bomini,</strong></span> <span class='ocrx_word' id='word_1_282' title='bbox 883 2664 926 2718; x_wconf 85' lang='lat' dir='ltr'><strong>rel</strong></span> <span class='ocrx_word' id='word_1_283' title='bbox 941 2664 1095 2718; x_wconf 82' lang='lat' dir='ltr'><strong>doctrinam</strong></span> <span class='ocrx_word' id='word_1_284' title='bbox 1117 2665 1288 2735; x_wconf 74' lang='lat' dir='ltr'><strong>septuaginta</strong></span> <span class='ocrx_word' id='word_1_285' title='bbox 1314 2666 1386 2721; x_wconf 91' lang='lat' dir='ltr'><strong>duo·</strong></span> <span class='ocrx_word' id='word_1_286' title='bbox 1435 2667 1542 2722; x_wconf 86' lang='lat' dir='ltr'><strong>catione</strong></span> <span class='ocrx_word' id='word_1_287' title='bbox 1556 2666 1686 2722; x_wconf 72' lang='lat' dir='ltr'><strong>letitiam.</strong></span> <span class='ocrx_word' id='word_1_288' title='bbox 1702 2665 1818 2734; x_wconf 82' lang='lat' dir='ltr'><strong>Quidam</strong></span> <span class='ocrx_word' id='word_1_289' title='bbox 1831 2683 1896 2723; x_wconf 90' lang='lat' dir='ltr'><strong>vcro</strong></span> <span class='ocrx_word' id='word_1_290' title='bbox 1910 2668 2111 2739; x_wconf 89' lang='lat' dir='ltr'><strong>perlectionem</strong></span> <span class='ocrx_word' id='word_1_291' title='bbox 2126 2667 2220 2737; x_wconf 74' lang='lat' dir='ltr'><strong>Vetas,</strong></span> 
     </span>
     <span class='ocr_line' id='line_1_23' title="bbox 598 2754 2224 2829; baseline 0.004 -17"><span class='ocrx_word' id='word_1_292' title='bbox 598 2774 658 2812; x_wconf 91' lang='lat' dir='ltr'><strong>rum</strong></span> <span class='ocrx_word' id='word_1_293' title='bbox 686 2757 883 2828; x_wconf 91' lang='lat' dir='ltr'><strong>discipulorum</strong></span> <span class='ocrx_word' id='word_1_294' title='bbox 907 2758 1007 2827; x_wconf 85' lang='lat' dir='ltr'><strong>quibus</strong></span> <span class='ocrx_word' id='word_1_295' title='bbox 1032 2756 1094 2812; x_wconf 84' lang='lat' dir='ltr'><strong>ait:</strong></span> <span class='ocrx_word' id='word_1_296' title='bbox 1121 2754 1244 2812; x_wconf 81' lang='lat' dir='ltr'><strong>ellcssis</strong></span> <span class='ocrx_word' id='word_1_297' title='bbox 1274 2758 1383 2828; x_wconf 83' lang='lat' dir='ltr'><strong>quidem</strong></span> <span class='ocrx_word' id='word_1_298' title='bbox 1438 2771 1489 2827; x_wconf 89' lang='lat' dir='ltr'><strong>per</strong></span> <span class='ocrx_word' id='word_1_299' title='bbox 1506 2765 1618 2812; x_wconf 89' lang='lat' dir='ltr'><strong>cantum</strong></span> <span class='ocrx_word' id='word_1_300' title='bbox 1634 2755 1739 2813; x_wconf 82' lang='lat' dir='ltr'><strong>Nurum</strong></span> <span class='ocrx_word' id='word_1_301' title='bbox 1764 2758 1901 2829; x_wconf 89' lang='lat' dir='ltr'><strong>accipiunt</strong></span> <span class='ocrx_word' id='word_1_302' title='bbox 1924 2757 2150 2816; x_wconf 85' lang='lat' dir='ltr'><strong>Testamentum:</strong></span> <span class='ocrx_word' id='word_1_303' title='bbox 2170 2763 2224 2819; x_wconf 85' lang='lat' dir='ltr'><strong>sie-</strong></span> 
     </span>
     <span class='ocr_line' id='line_1_24' title="bbox 597 2845 2223 2918; baseline 0.001 -14"><span class='ocrx_word' id='word_1_304' title='bbox 597 2850 694 2915; x_wconf 90' lang='lat' dir='ltr'><strong>multa,</strong></span> <span class='ocrx_word' id='word_1_305' title='bbox 715 2861 742 2902; x_wconf 86' lang='lat' dir='ltr'><strong>et</strong></span> <span class='ocrx_word' id='word_1_306' title='bbox 761 2847 878 2918; x_wconf 88' lang='lat' dir='ltr'><strong>operarii</strong></span> <span class='ocrx_word' id='word_1_307' title='bbox 898 2847 976 2918; x_wconf 86' lang='lat' dir='ltr'><strong>pauci</strong></span> <span class='ocrx_word' id='word_1_308' title='bbox 992 2846 1030 2913; x_wconf 74' lang='lat'><strong>¹⁶,</strong></span> <span class='ocrx_word' id='word_1_309' title='bbox 1050 2845 1117 2901; x_wconf 83' lang='lat' dir='ltr'><strong>rrel</strong></span> <span class='ocrx_word' id='word_1_310' title='bbox 1139 2846 1276 2918; x_wconf 79' lang='lat' dir='ltr'><strong>significat</strong></span> <span class='ocrx_word' id='word_1_311' title='bbox 1299 2847 1384 2904; x_wconf 85' lang='lat' dir='ltr'><strong>lector</strong></span> <span class='ocrx_word' id='word_1_312' title='bbox 1434 2858 1464 2904; x_wconf 92' lang='grc' dir='ltr'><strong>ιιι</strong></span> <span class='ocrx_word' id='word_1_313' title='bbox 1482 2863 1601 2918; x_wconf 86' lang='lat' dir='ltr'><strong>namque</strong></span> <span class='ocrx_word' id='word_1_314' title='bbox 1622 2846 1726 2905; x_wconf 83' lang='lat' dir='ltr'><strong>Novam</strong></span> <span class='ocrx_word' id='word_1_315' title='bbox 1743 2851 1854 2906; x_wconf 86' lang='lat' dir='ltr'><strong>suarius</strong></span> <span class='ocrx_word' id='word_1_316' title='bbox 1871 2858 1914 2905; x_wconf 90' lang='lat' dir='ltr'><strong>est</strong></span> <span class='ocrx_word' id='word_1_317' title='bbox 1933 2848 2036 2918; x_wconf 81' lang='lat' dir='ltr'><strong>Veteri,</strong></span> <span class='ocrx_word' id='word_1_318' title='bbox 2058 2851 2099 2908; x_wconf 84' lang='lat' dir='ltr'><strong>sic</strong></span> <span class='ocrx_word' id='word_1_319' title='bbox 2123 2864 2223 2907; x_wconf 79' lang='lat' dir='ltr'><strong>caritas</strong></span> 
     </span>
     <span class='ocr_line' id='line_1_25' title="bbox 595 2935 2223 3020; baseline 0.003 -25"><span class='ocrx_word' id='word_1_320' title='bbox 595 2956 705 2996; x_wconf 90' lang='lat' dir='ltr'><strong>omnem</strong></span> <span class='ocrx_word' id='word_1_321' title='bbox 721 2940 839 2995; x_wconf 88' lang='lat' dir='ltr'><strong>scribam</strong></span> <span class='ocrx_word' id='word_1_322' title='bbox 859 2939 980 3004; x_wconf 90' lang='lat' dir='ltr'><strong>doctum,</strong></span> <span class='ocrx_word' id='word_1_323' title='bbox 1002 2935 1097 3007; x_wconf 87' lang='lat' dir='ltr'><strong>quide</strong></span> <span class='ocrx_word' id='word_1_324' title='bbox 1120 2937 1384 3020; x_wconf 83' lang='lat' dir='ltr'><strong>tlresaurusuupro-</strong></span> <span class='ocrx_word' id='word_1_325' title='bbox 1434 2940 1545 2997; x_wconf 79' lang='lat' dir='ltr'><strong>suavior</strong></span> <span class='ocrx_word' id='word_1_326' title='bbox 1559 2940 1685 2997; x_wconf 90' lang='lat' dir='ltr'><strong>lectione.</strong></span> <span class='ocrx_word' id='word_1_327' title='bbox 1704 2941 1818 3009; x_wconf 82' lang='lat' dir='ltr'><strong>Sunius,</strong></span> <span class='ocrx_word' id='word_1_328' title='bbox 1837 2957 1903 2997; x_wconf 82' lang='lat' dir='ltr'><strong>vero</strong></span> <span class='ocrx_word' id='word_1_329' title='bbox 1919 2952 2017 2998; x_wconf 91' lang='lat' dir='ltr'><strong>cantus</strong></span> <span class='ocrx_word' id='word_1_330' title='bbox 2031 2945 2164 3014; x_wconf 85' lang='lat' dir='ltr'><strong>epistolas</strong></span> <span class='ocrx_word' id='word_1_331' title='bbox 2178 2959 2223 3000; x_wconf 89' lang='lat' dir='ltr'><strong>co-</strong></span> 
     </span>
     <span class='ocr_line' id='line_1_26' title="bbox 595 3028 2220 3107; baseline 0.003 -20"><span class='ocrx_word' id='word_1_332' title='bbox 595 3033 647 3087; x_wconf 85' lang='lat' dir='ltr'><strong>lcrt</strong></span> <span class='ocrx_word' id='word_1_333' title='bbox 663 3047 734 3087; x_wconf 85' lang='lat' dir='ltr'><strong>nova</strong></span> <span class='ocrx_word' id='word_1_334' title='bbox 758 3041 784 3087; x_wconf 92' lang='lat' dir='ltr'><strong>et</strong></span> <span class='ocrx_word' id='word_1_335' title='bbox 800 3041 892 3087; x_wconf 88' lang='lat' dir='ltr'><strong>vetera</strong></span> <span class='ocrx_word' id='word_1_336' title='bbox 908 3031 941 3085; x_wconf 81' lang='lat'><strong>¹¹.</strong></span> <span class='ocrx_word' id='word_1_337' title='bbox 968 3028 1046 3085; x_wconf 88' lang='lat' dir='ltr'><strong>Unde</strong></span> <span class='ocrx_word' id='word_1_338' title='bbox 1057 3029 1201 3100; x_wconf 85' lang='lat' dir='ltr'><strong>utriusque</strong></span> <span class='ocrx_word' id='word_1_339' title='bbox 1215 3028 1382 3087; x_wconf 88' lang='lat' dir='ltr'><strong>Testamenti</strong></span> <span class='ocrx_word' id='word_1_340' title='bbox 1433 3034 1566 3088; x_wconf 89' lang='lat' dir='ltr'><strong>mitantur</strong></span> <span class='ocrx_word' id='word_1_341' title='bbox 1600 3033 1729 3105; x_wconf 83' lang='lat' dir='ltr'><strong>quoniam</strong></span> <span class='ocrx_word' id='word_1_342' title='bbox 1775 3035 1981 3105; x_wconf 65' lang='lat' dir='ltr'><strong>praedicationes</strong></span> <span class='ocrx_word' id='word_1_343' title='bbox 2012 3037 2220 3107; x_wconf 75' lang='lat' dir='ltr'><strong>predicatorum</strong></span> 
     </span>
     <span class='ocr_line' id='line_1_27' title="bbox 595 3121 2222 3201; baseline 0.002 -19"><span class='ocrx_word' id='word_1_344' title='bbox 595 3126 690 3182; x_wconf 88' lang='lat' dir='ltr'><strong>recitat</strong></span> <span class='ocrx_word' id='word_1_345' title='bbox 714 3126 864 3191; x_wconf 78' lang='lat' dir='ltr'><strong>lectiones3</strong></span> <span class='ocrx_word' id='word_1_346' title='bbox 882 3123 924 3179; x_wconf 86' lang='lat' dir='ltr'><strong>vel</strong></span> <span class='ocrx_word' id='word_1_347' title='bbox 938 3123 1074 3194; x_wconf 88' lang='lat' dir='ltr'><strong>signiticat</strong></span> <span class='ocrx_word' id='word_1_348' title='bbox 1086 3121 1239 3190; x_wconf 82' lang='lat' dir='ltr'><strong>Christum,</strong></span> <span class='ocrx_word' id='word_1_349' title='bbox 1257 3123 1306 3194; x_wconf 86' lang='lat' dir='ltr'><strong>qui</strong></span> <span class='ocrx_word' id='word_1_350' title='bbox 1318 3139 1383 3195; x_wconf 85' lang='lat' dir='ltr'><strong>ape·</strong></span> <span class='ocrx_word' id='word_1_351' title='bbox 1432 3135 1525 3181; x_wconf 89' lang='lat' dir='ltr'><strong>secuta</strong></span> <span class='ocrx_word' id='word_1_352' title='bbox 1540 3135 1603 3181; x_wconf 86' lang='lat' dir='ltr'><strong>sunt</strong></span> <span class='ocrx_word' id='word_1_353' title='bbox 1617 3126 1746 3195; x_wconf 84' lang='lat' dir='ltr'><strong>gaudium</strong></span> <span class='ocrx_word' id='word_1_354' title='bbox 1767 3125 1906 3195; x_wconf 77' lang='lat' dir='ltr'><strong>Ecclesiae,</strong></span> <span class='ocrx_word' id='word_1_355' title='bbox 1933 3127 1989 3183; x_wconf 86' lang='lat' dir='ltr'><strong>Deo</strong></span> <span class='ocrx_word' id='word_1_356' title='bbox 2005 3128 2100 3186; x_wconf 88' lang='lat' dir='ltr'><strong>laudes</strong></span> <span class='ocrx_word' id='word_1_357' title='bbox 2113 3139 2142 3185; x_wconf 88' lang='lat' dir='ltr'><strong>et</strong></span> <span class='ocrx_word' id='word_1_358' title='bbox 2153 3146 2222 3201; x_wconf 83' lang='lat' dir='ltr'><strong>prae-</strong></span> 
     </span>
     <span class='ocr_line' id='line_1_28' title="bbox 594 3216 2222 3296; baseline 0.001 -20"><span class='ocrx_word' id='word_1_359' title='bbox 594 3223 668 3276; x_wconf 88' lang='lat' dir='ltr'><strong>riens</strong></span> <span class='ocrx_word' id='word_1_360' title='bbox 685 3220 806 3276; x_wconf 87' lang='lat' dir='ltr'><strong>codicem</strong></span> <span class='ocrx_word' id='word_1_361' title='bbox 832 3219 910 3275; x_wconf 78' lang='lat' dir='ltr'><strong>isaim</strong></span> <span class='ocrx_word' id='word_1_362' title='bbox 933 3218 1021 3289; x_wconf 87' lang='lat' dir='ltr'><strong>legit:</strong></span> <span class='ocrx_word' id='word_1_363' title='bbox 1046 3237 1057 3271; x_wconf 83' lang='grc' dir='ltr'>ι</span> <span class='ocrx_word' id='word_1_364' title='bbox 1074 3217 1193 3289; x_wconf 87' lang='lat' dir='ltr'><strong>Spiritus</strong></span> <span class='ocrx_word' id='word_1_365' title='bbox 1214 3216 1322 3274; x_wconf 82' lang='lat' dir='ltr'><strong>Domini</strong></span> <span class='ocrx_word' id='word_1_366' title='bbox 1336 3233 1383 3274; x_wconf 92' lang='lat' dir='ltr'><strong>su·</strong></span> <span class='ocrx_word' id='word_1_367' title='bbox 1432 3217 1513 3272; x_wconf 91' lang='lat' dir='ltr'><strong>conia</strong></span> <span class='ocrx_word' id='word_1_368' title='bbox 1525 3218 1567 3273; x_wconf 67' lang='lat' dir='ltr'><strong>ide</strong></span> <span class='ocrx_word' id='word_1_369' title='bbox 1593 3219 1762 3274; x_wconf 90' lang='lat' dir='ltr'><strong>credentium</strong></span> <span class='ocrx_word' id='word_1_370' title='bbox 1782 3221 1985 3289; x_wconf 78' lang='lat' dir='ltr'><strong>conuersioue;</strong></span> <span class='ocrx_word' id='word_1_371' title='bbox 2003 3225 2067 3295; x_wconf 89' lang='lat' dir='ltr'><strong>quia</strong></span> <span class='ocrx_word' id='word_1_372' title='bbox 2083 3238 2134 3294; x_wconf 91' lang='lat' dir='ltr'><strong>per</strong></span> <span class='ocrx_word' id='word_1_373' title='bbox 2159 3240 2222 3296; x_wconf 90' lang='lat' dir='ltr'><strong>gra·</strong></span> 
     </span>
     <span class='ocr_line' id='line_1_29' title="bbox 594 3310 2221 3387; baseline 0.004 -21"><span class='ocrx_word' id='word_1_374' title='bbox 594 3330 643 3385; x_wconf 89' lang='lat' dir='ltr'><strong>per</strong></span> <span class='ocrx_word' id='word_1_375' title='bbox 664 3329 707 3368; x_wconf 94' lang='lat' dir='ltr'><strong>me</strong></span> <span class='ocrx_word' id='word_1_376' title='bbox 722 3314 754 3367; x_wconf 86' lang='lat'><strong>¹¹.</strong></span> <span class='ocrx_word' id='word_1_377' title='bbox 771 3332 780 3365; x_wconf 79' lang='grc' dir='ltr'>ι</span> <span class='ocrx_word' id='word_1_378' title='bbox 805 3311 910 3368; x_wconf 84' lang='lat' dir='ltr'><strong>Rursus</strong></span> <span class='ocrx_word' id='word_1_379' title='bbox 925 3313 987 3366; x_wconf 86' lang='lat' dir='ltr'><strong>uide</strong></span> <span class='ocrx_word' id='word_1_380' title='bbox 1002 3327 1078 3383; x_wconf 80' lang='lat' dir='ltr'><strong>quia,</strong></span> <span class='ocrx_word' id='word_1_381' title='bbox 1105 3311 1177 3367; x_wconf 90' lang='lat' dir='ltr'><strong>sicut</strong></span> <span class='ocrx_word' id='word_1_382' title='bbox 1199 3325 1254 3364; x_wconf 93' lang='lat' dir='ltr'><strong>noo</strong></span> <span class='ocrx_word' id='word_1_383' title='bbox 1268 3310 1382 3380; x_wconf 91' lang='lat' dir='ltr'><strong>permit·</strong></span> <span class='ocrx_word' id='word_1_384' title='bbox 1433 3310 1514 3366; x_wconf 90' lang='lat' dir='ltr'><strong>duale</strong></span> <span class='ocrx_word' id='word_1_385' title='bbox 1531 3312 1675 3367; x_wconf 74' lang='lat' dir='ltr'><strong>conversio</strong></span> <span class='ocrx_word' id='word_1_386' title='bbox 1696 3313 1731 3368; x_wconf 85' lang='lat' dir='ltr'><strong>rle</strong></span> <span class='ocrx_word' id='word_1_387' title='bbox 1751 3311 1852 3369; x_wconf 71' lang='lat' dir='ltr'><strong>ludaeis</strong></span> <span class='ocrx_word' id='word_1_388' title='bbox 1869 3315 2021 3385; x_wconf 89' lang='lat' dir='ltr'><strong>accipitur;</strong></span> <span class='ocrx_word' id='word_1_389' title='bbox 2037 3332 2085 3387; x_wconf 88' lang='lat' dir='ltr'><strong>per</strong></span> <span class='ocrx_word' id='word_1_390' title='bbox 2098 3333 2221 3384; x_wconf 80' lang='lat' dir='ltr'><strong>uersum,</strong></span> 
     </span>
     <span class='ocr_line' id='line_1_30' title="bbox 594 3402 2222 3477; baseline 0.001 -16"><span class='ocrx_word' id='word_1_391' title='bbox 594 3407 661 3461; x_wconf 91' lang='lat' dir='ltr'><strong>titur</strong></span> <span class='ocrx_word' id='word_1_392' title='bbox 673 3405 721 3459; x_wconf 81' lang='lat' dir='ltr'><strong>ulli</strong></span> <span class='ocrx_word' id='word_1_393' title='bbox 738 3404 791 3459; x_wconf 90' lang='lat' dir='ltr'><strong>nisi</strong></span> <span class='ocrx_word' id='word_1_394' title='bbox 814 3404 950 3460; x_wconf 75' lang='lat' dir='ltr'><strong>sacerdoti</strong></span> <span class='ocrx_word' id='word_1_395' title='bbox 965 3405 1077 3460; x_wconf 87' lang='lat' dir='ltr'><strong>missam</strong></span> <span class='ocrx_word' id='word_1_396' title='bbox 1090 3402 1245 3468; x_wconf 89' lang='lat' dir='ltr'><strong>celebrare,</strong></span> <span class='ocrx_word' id='word_1_397' title='bbox 1264 3417 1382 3473; x_wconf 83' lang='lat' dir='ltr'><strong>euange-</strong></span> <span class='ocrx_word' id='word_1_398' title='bbox 1431 3403 1575 3458; x_wconf 75' lang='lat' dir='ltr'><strong>conversio</strong></span> <span class='ocrx_word' id='word_1_399' title='bbox 1608 3404 1642 3459; x_wconf 93' lang='lat' dir='ltr'><strong>de</strong></span> <span class='ocrx_word' id='word_1_400' title='bbox 1673 3402 1798 3474; x_wconf 89' lang='lat' dir='ltr'><strong>gentibus</strong></span> <span class='ocrx_word' id='word_1_401' title='bbox 1837 3404 2014 3476; x_wconf 90' lang='lat' dir='ltr'><strong>intelligitur;</strong></span> <span class='ocrx_word' id='word_1_402' title='bbox 2045 3422 2094 3477; x_wconf 89' lang='lat' dir='ltr'><strong>per</strong></span> <span class='ocrx_word' id='word_1_403' title='bbox 2112 3406 2222 3464; x_wconf 81' lang='lat' dir='ltr'><strong>alleluia</strong></span> 
     </span>
     <span class='ocr_line' id='line_1_31' title="bbox 593 3491 2222 3567; baseline 0.001 -14"><span class='ocrx_word' id='word_1_404' title='bbox 593 3499 661 3553; x_wconf 91' lang='lat' dir='ltr'><strong>lium</strong></span> <span class='ocrx_word' id='word_1_405' title='bbox 686 3497 774 3566; x_wconf 86' lang='lat' dir='ltr'><strong>legere</strong></span> <span class='ocrx_word' id='word_1_406' title='bbox 791 3496 843 3551; x_wconf 90' lang='lat' dir='ltr'><strong>nisi</strong></span> <span class='ocrx_word' id='word_1_407' title='bbox 855 3495 972 3550; x_wconf 88' lang='lat' dir='ltr'><strong>diacono</strong></span> <span class='ocrx_word' id='word_1_408' title='bbox 988 3513 995 3561; x_wconf 90' lang='lat'><strong>;</strong></span> <span class='ocrx_word' id='word_1_409' title='bbox 1014 3495 1055 3550; x_wconf 89' lang='lat' dir='ltr'><strong>sic</strong></span> <span class='ocrx_word' id='word_1_410' title='bbox 1071 3510 1121 3551; x_wconf 87' lang='lat' dir='ltr'><strong>nec</strong></span> <span class='ocrx_word' id='word_1_411' title='bbox 1138 3494 1219 3550; x_wconf 91' lang='lat' dir='ltr'><strong>debet</strong></span> <span class='ocrx_word' id='word_1_412' title='bbox 1232 3494 1377 3563; x_wconf 87' lang='lat' dir='ltr'><strong>epistolam</strong></span> <span class='ocrx_word' id='word_1_413' title='bbox 1432 3491 1575 3562; x_wconf 85' lang='lat' dir='ltr'><strong>utriusque</strong></span> <span class='ocrx_word' id='word_1_414' title='bbox 1591 3493 1618 3547; x_wconf 90' lang='lat' dir='ltr'><strong>in</strong></span> <span class='ocrx_word' id='word_1_415' title='bbox 1633 3493 1685 3547; x_wconf 90' lang='lat' dir='ltr'><strong>tlde</strong></span> <span class='ocrx_word' id='word_1_416' title='bbox 1706 3493 1799 3549; x_wconf 78' lang='lat' dir='ltr'><strong>latitia</strong></span> <span class='ocrx_word' id='word_1_417' title='bbox 1815 3495 1958 3564; x_wconf 86' lang='lat' dir='ltr'><strong>liguratur.</strong></span> <span class='ocrx_word' id='word_1_418' title='bbox 1983 3496 2130 3567; x_wconf 84' lang='lat' dir='ltr'><strong>Sequcmia</strong></span> <span class='ocrx_word' id='word_1_419' title='bbox 2156 3514 2222 3554; x_wconf 85' lang='lat' dir='ltr'><strong>uero</strong></span> 
     </span>
     <span class='ocr_line' id='line_1_32' title="bbox 593 3583 2222 3660; baseline 0.004 -20"><span class='ocrx_word' id='word_1_420' title='bbox 593 3588 739 3657; x_wconf 80' lang='lat' dir='ltr'><strong>quisquam</strong></span> <span class='ocrx_word' id='word_1_421' title='bbox 762 3587 861 3659; x_wconf 90' lang='lat' dir='ltr'><strong>legere,</strong></span> <span class='ocrx_word' id='word_1_422' title='bbox 885 3586 937 3640; x_wconf 89' lang='lat' dir='ltr'><strong>nisi</strong></span> <span class='ocrx_word' id='word_1_423' title='bbox 959 3585 1041 3641; x_wconf 89' lang='lat' dir='ltr'><strong>luerit</strong></span> <span class='ocrx_word' id='word_1_424' title='bbox 1062 3584 1091 3641; x_wconf 93' lang='lat' dir='ltr'><strong>in</strong></span> <span class='ocrx_word' id='word_1_425' title='bbox 1115 3584 1305 3640; x_wconf 80' lang='lat' dir='ltr'><strong>subdiaconali</strong></span> <span class='ocrx_word' id='word_1_426' title='bbox 1320 3583 1380 3639; x_wconf 78' lang='lat' dir='ltr'><strong>olli·</strong></span> <span class='ocrx_word' id='word_1_427' title='bbox 1431 3585 1569 3640; x_wconf 86' lang='lat' dir='ltr'><strong>cauticum</strong></span> <span class='ocrx_word' id='word_1_428' title='bbox 1588 3585 1711 3657; x_wconf 87' lang='lat' dir='ltr'><strong>designat</strong></span> <span class='ocrx_word' id='word_1_429' title='bbox 1737 3586 1864 3643; x_wconf 75' lang='lat' dir='ltr'><strong>uictoriae.</strong></span> <span class='ocrx_word' id='word_1_430' title='bbox 1890 3586 1966 3644; x_wconf 88' lang='lat' dir='ltr'><strong>Unde</strong></span> <span class='ocrx_word' id='word_1_431' title='bbox 1987 3589 2113 3660; x_wconf 89' lang='lat' dir='ltr'><strong>plausum</strong></span> <span class='ocrx_word' id='word_1_432' title='bbox 2137 3591 2222 3646; x_wconf 86' lang='lat' dir='ltr'><strong>ricto·</strong></span> 
     </span>
     <span class='ocr_line' id='line_1_33' title="bbox 593 3677 2221 3749; baseline 0.001 -14"><span class='ocrx_word' id='word_1_433' title='bbox 593 3682 648 3747; x_wconf 87' lang='lat' dir='ltr'><strong>cio,</strong></span> <span class='ocrx_word' id='word_1_434' title='bbox 667 3681 747 3749; x_wconf 75' lang='lat' dir='ltr'><strong>cuius</strong></span> <span class='ocrx_word' id='word_1_435' title='bbox 770 3688 812 3735; x_wconf 90' lang='lat' dir='ltr'><strong>est</strong></span> <span class='ocrx_word' id='word_1_436' title='bbox 829 3679 948 3734; x_wconf 83' lang='lat' dir='ltr'><strong>officium</strong></span> <span class='ocrx_word' id='word_1_437' title='bbox 963 3679 990 3733; x_wconf 91' lang='lat' dir='ltr'><strong>in</strong></span> <span class='ocrx_word' id='word_1_438' title='bbox 1013 3678 1127 3734; x_wconf 92' lang='lat' dir='ltr'><strong>sinistro</strong></span> <span class='ocrx_word' id='word_1_439' title='bbox 1139 3677 1252 3732; x_wconf 86' lang='lat' dir='ltr'><strong>bracbio</strong></span> <span class='ocrx_word' id='word_1_440' title='bbox 1267 3686 1377 3747; x_wconf 88' lang='lat' dir='ltr'><strong>portare</strong></span> <span class='ocrx_word' id='word_1_441' title='bbox 1430 3692 1493 3730; x_wconf 74' lang='lat' dir='ltr'><strong>rran</strong></span> <span class='ocrx_word' id='word_1_442' title='bbox 1522 3693 1584 3732; x_wconf 92' lang='lat' dir='ltr'><strong>cum</strong></span> <span class='ocrx_word' id='word_1_443' title='bbox 1618 3679 1726 3733; x_wconf 87' lang='lat' dir='ltr'><strong>neumis</strong></span> <span class='ocrx_word' id='word_1_444' title='bbox 1749 3678 1885 3748; x_wconf 66' lang='lat' dir='ltr'><strong>imitatum</strong></span> <span class='ocrx_word' id='word_1_445' title='bbox 1912 3681 1983 3736; x_wconf 89' lang='lat' dir='ltr'><strong>lranc</strong></span> <span class='ocrx_word' id='word_1_446' title='bbox 2009 3682 2221 3737; x_wconf 82' lang='lat' dir='ltr'><strong>exsultationem</strong></span> 
     </span>
     <span class='ocr_line' id='line_1_34' title="bbox 594 3767 2220 3842; baseline 0.001 -16"><span class='ocrx_word' id='word_1_447' title='bbox 594 3772 775 3842; x_wconf 89' lang='lat' dir='ltr'><strong>manipulum,</strong></span> <span class='ocrx_word' id='word_1_448' title='bbox 808 3771 924 3827; x_wconf 87' lang='lat' dir='ltr'><strong>limbriis</strong></span> <span class='ocrx_word' id='word_1_449' title='bbox 949 3767 1209 3835; x_wconf 85' lang='lat' dir='ltr'><strong>adorrratum.Quia</strong></span> <span class='ocrx_word' id='word_1_450' title='bbox 1236 3768 1259 3824; x_wconf 89' lang='lat' dir='ltr'><strong>si</strong></span> <span class='ocrx_word' id='word_1_451' title='bbox 1281 3783 1382 3824; x_wconf 89' lang='lat' dir='ltr'><strong>secun·</strong></span> <span class='ocrx_word' id='word_1_452' title='bbox 1430 3767 1612 3841; x_wconf 80' lang='lat' dir='ltr'><strong>praefigurarit</strong></span> <span class='ocrx_word' id='word_1_453' title='bbox 1640 3769 1830 3842; x_wconf 84' lang='lat' dir='ltr'><strong>tympanistria</strong></span> <span class='ocrx_word' id='word_1_454' title='bbox 1862 3770 1966 3838; x_wconf 79' lang='lat' dir='ltr'><strong>diaria,</strong></span> <span class='ocrx_word' id='word_1_455' title='bbox 1990 3787 2052 3842; x_wconf 75' lang='lat' dir='ltr'><strong>qum</strong></span> <span class='ocrx_word' id='word_1_456' title='bbox 2075 3772 2220 3828; x_wconf 80' lang='lat' dir='ltr'><strong>victoriam</strong></span> 
     </span>
     <span class='ocr_line' id='line_1_35' title="bbox 593 3861 2220 3933; baseline 0.001 -14"><span class='ocrx_word' id='word_1_457' title='bbox 593 3865 658 3919; x_wconf 87' lang='lat' dir='ltr'><strong>drrm</strong></span> <span class='ocrx_word' id='word_1_458' title='bbox 676 3862 789 3919; x_wconf 86' lang='lat' dir='ltr'><strong>loannis</strong></span> <span class='ocrx_word' id='word_1_459' title='bbox 815 3863 941 3933; x_wconf 82' lang='lat' dir='ltr'><strong>Baptistae</strong></span> <span class='ocrx_word' id='word_1_460' title='bbox 962 3861 1141 3933; x_wconf 76' lang='lat' dir='ltr'><strong>preconium,</strong></span> <span class='ocrx_word' id='word_1_461' title='bbox 1172 3861 1218 3917; x_wconf 89' lang='lat' dir='ltr'><strong>bie</strong></span> <span class='ocrx_word' id='word_1_462' title='bbox 1239 3875 1328 3931; x_wconf 78' lang='lat' dir='ltr'><strong>praeco</strong></span> <span class='ocrx_word' id='word_1_463' title='bbox 1352 3871 1380 3918; x_wconf 90' lang='lat' dir='ltr'><strong>et</strong></span> <span class='ocrx_word' id='word_1_464' title='bbox 1430 3861 1546 3917; x_wconf 89' lang='lat' dir='ltr'><strong>liberato</strong></span> <span class='ocrx_word' id='word_1_465' title='bbox 1567 3864 1668 3933; x_wconf 92' lang='lat' dir='ltr'><strong>populo</strong></span> <span class='ocrx_word' id='word_1_466' title='bbox 1686 3863 1820 3930; x_wconf 83' lang='lat' dir='ltr'><strong>recitavit,</strong></span> <span class='ocrx_word' id='word_1_467' title='bbox 1838 3863 1954 3920; x_wconf 91' lang='lat' dir='ltr'><strong>dicens:</strong></span> <span class='ocrx_word' id='word_1_468' title='bbox 1972 3882 1982 3915; x_wconf 87' lang='grc' dir='ltr'>ι</span> <span class='ocrx_word' id='word_1_469' title='bbox 2000 3864 2150 3923; x_wconf 84' lang='lat' dir='ltr'><strong>Cantemus</strong></span> <span class='ocrx_word' id='word_1_470' title='bbox 2165 3864 2220 3920; x_wconf 87' lang='lat' dir='ltr'><strong>llo-</strong></span> 
     </span>
     <span class='ocr_line' id='line_1_36' title="bbox 593 3952 2220 4025; baseline -0.001 -14"><span class='ocrx_word' id='word_1_471' title='bbox 593 3957 654 4025; x_wconf 86' lang='lat' dir='ltr'><strong>cjus</strong></span> <span class='ocrx_word' id='word_1_472' title='bbox 686 3957 794 4010; x_wconf 91' lang='lat' dir='ltr'><strong>auditor</strong></span> <span class='ocrx_word' id='word_1_473' title='bbox 817 3954 935 4010; x_wconf 89' lang='lat' dir='ltr'><strong>securim</strong></span> <span class='ocrx_word' id='word_1_474' title='bbox 973 3952 1080 4022; x_wconf 83' lang='lat' dir='ltr'><strong>judicii,</strong></span> <span class='ocrx_word' id='word_1_475' title='bbox 1100 3967 1162 4022; x_wconf 78' lang='lat' dir='ltr'><strong>quae</strong></span> <span class='ocrx_word' id='word_1_476' title='bbox 1177 3952 1266 4022; x_wconf 89' lang='lat' dir='ltr'><strong>posita</strong></span> <span class='ocrx_word' id='word_1_477' title='bbox 1282 3961 1325 4008; x_wconf 87' lang='lat' dir='ltr'><strong>est</strong></span> <span class='ocrx_word' id='word_1_478' title='bbox 1346 3954 1380 4009; x_wconf 89' lang='lat' dir='ltr'><strong>ad</strong></span> <span class='ocrx_word' id='word_1_479' title='bbox 1430 3952 1506 4007; x_wconf 91' lang='lat' dir='ltr'><strong>mino</strong></span> <span class='ocrx_word' id='word_1_480' title='bbox 1526 3953 1559 4008; x_wconf 79' lang='lat'><strong>¹⁸.</strong></span> <span class='ocrx_word' id='word_1_481' title='bbox 1581 3968 1667 4009; x_wconf 78' lang='lat' dir='ltr'><strong>rcum</strong></span> <span class='ocrx_word' id='word_1_482' title='bbox 1695 3969 1749 4025; x_wconf 85' lang='lat' dir='ltr'><strong>qua</strong></span> <span class='ocrx_word' id='word_1_483' title='bbox 1772 3953 1931 4025; x_wconf 87' lang='lat' dir='ltr'><strong>etpopulus</strong></span> <span class='ocrx_word' id='word_1_484' title='bbox 1948 3955 2086 4024; x_wconf 81' lang='lat' dir='ltr'><strong>iubilavit.</strong></span> <span class='ocrx_word' id='word_1_485' title='bbox 2108 3953 2220 4010; x_wconf 84' lang='lat' dir='ltr'><strong>blorali·</strong></span> 
     </span>
     <span class='ocr_line' id='line_1_37' title="bbox 593 4043 2219 4118; baseline -0.002 -11"><span class='ocrx_word' id='word_1_486' title='bbox 593 4052 714 4107; x_wconf 88' lang='lat' dir='ltr'><strong>radicem</strong></span> <span class='ocrx_word' id='word_1_487' title='bbox 731 4048 838 4103; x_wconf 89' lang='lat' dir='ltr'><strong>arboris</strong></span> <span class='ocrx_word' id='word_1_488' title='bbox 853 4047 1034 4118; x_wconf 87' lang='lat' dir='ltr'><strong>pertimuerit,</strong></span> <span class='ocrx_word' id='word_1_489' title='bbox 1047 4054 1074 4102; x_wconf 91' lang='lat' dir='ltr'><strong>et</strong></span> <span class='ocrx_word' id='word_1_490' title='bbox 1086 4045 1185 4116; x_wconf 90' lang='lat' dir='ltr'><strong>dignos</strong></span> <span class='ocrx_word' id='word_1_491' title='bbox 1202 4043 1309 4100; x_wconf 80' lang='lat' dir='ltr'><strong>tructus</strong></span> <span class='ocrx_word' id='word_1_492' title='bbox 1321 4061 1380 4116; x_wconf 81' lang='lat' dir='ltr'><strong>poe·</strong></span> <span class='ocrx_word' id='word_1_493' title='bbox 1430 4052 1562 4111; x_wconf 86' lang='lat' dir='ltr'><strong>terrem,</strong></span> <span class='ocrx_word' id='word_1_494' title='bbox 1585 4054 1613 4100; x_wconf 91' lang='lat' dir='ltr'><strong>et</strong></span> <span class='ocrx_word' id='word_1_495' title='bbox 1627 4045 1708 4102; x_wconf 90' lang='lat' dir='ltr'><strong>bodie</strong></span> <span class='ocrx_word' id='word_1_496' title='bbox 1732 4046 1874 4117; x_wconf 89' lang='lat' dir='ltr'><strong>gradualia</strong></span> <span class='ocrx_word' id='word_1_497' title='bbox 1891 4046 2028 4113; x_wconf 86' lang='lat' dir='ltr'><strong>canimus,</strong></span> <span class='ocrx_word' id='word_1_498' title='bbox 2043 4046 2108 4102; x_wconf 93' lang='lat' dir='ltr'><strong>dum</strong></span> <span class='ocrx_word' id='word_1_499' title='bbox 2125 4048 2152 4102; x_wconf 93' lang='lat' dir='ltr'><strong>in</strong></span> <span class='ocrx_word' id='word_1_500' title='bbox 2175 4048 2219 4103; x_wconf 90' lang='lat' dir='ltr'><strong>la·</strong></span> 
     </span>
     <span class='ocr_line' id='line_1_38' title="bbox 589 4136 2219 4210; baseline -0.004 -11"><span class='ocrx_word' id='word_1_501' title='bbox 589 4145 715 4199; x_wconf 73' lang='lat' dir='ltr'><strong>nitentia</strong></span> <span class='ocrx_word' id='word_1_502' title='bbox 741 4142 835 4197; x_wconf 85' lang='lat' dir='ltr'><strong>iecerit</strong></span> <span class='ocrx_word' id='word_1_503' title='bbox 868 4142 899 4208; x_wconf 82' lang='lat'><strong>¹⁸,</strong></span> <span class='ocrx_word' id='word_1_504' title='bbox 924 4156 986 4195; x_wconf 93' lang='lat' dir='ltr'><strong>curn</strong></span> <span class='ocrx_word' id='word_1_505' title='bbox 1016 4138 1215 4210; x_wconf 84' lang='lat' dir='ltr'><strong>perseuerantia</strong></span> <span class='ocrx_word' id='word_1_506' title='bbox 1245 4138 1378 4194; x_wconf 92' lang='lat' dir='ltr'><strong>bonorum</strong></span> <span class='ocrx_word' id='word_1_507' title='bbox 1430 4136 1530 4191; x_wconf 80' lang='lat' dir='ltr'><strong>meritis</strong></span> <span class='ocrx_word' id='word_1_508' title='bbox 1550 4137 1715 4206; x_wconf 72' lang='lat' dir='ltr'><strong>poenitentiae</strong></span> <span class='ocrx_word' id='word_1_509' title='bbox 1739 4139 1897 4206; x_wconf 87' lang='lat' dir='ltr'><strong>liberamur,</strong></span> <span class='ocrx_word' id='word_1_510' title='bbox 1913 4148 1940 4193; x_wconf 92' lang='lat' dir='ltr'><strong>et</strong></span> <span class='ocrx_word' id='word_1_511' title='bbox 1961 4139 1995 4193; x_wconf 93' lang='lat' dir='ltr'><strong>de</strong></span> <span class='ocrx_word' id='word_1_512' title='bbox 2008 4138 2107 4193; x_wconf 79' lang='lat' dir='ltr'><strong>uirtute</strong></span> <span class='ocrx_word' id='word_1_513' title='bbox 2120 4138 2148 4193; x_wconf 91' lang='lat' dir='ltr'><strong>in</strong></span> <span class='ocrx_word' id='word_1_514' title='bbox 2163 4140 2219 4194; x_wconf 83' lang='lat' dir='ltr'><strong>vir·</strong></span> 
     </span>
     <span class='ocr_line' id='line_1_39' title="bbox 594 4229 2218 4306; baseline -0.002 -15"><span class='ocrx_word' id='word_1_515' title='bbox 594 4251 719 4306; x_wconf 91' lang='lat' dir='ltr'><strong>operum,</strong></span> <span class='ocrx_word' id='word_1_516' title='bbox 735 4234 887 4305; x_wconf 89' lang='lat' dir='ltr'><strong>manipulos</strong></span> <span class='ocrx_word' id='word_1_517' title='bbox 905 4232 1019 4303; x_wconf 78' lang='lat' dir='ltr'><strong>justitias</strong></span> <span class='ocrx_word' id='word_1_518' title='bbox 1048 4231 1209 4303; x_wconf 88' lang='lat' dir='ltr'><strong>reportabit,</strong></span> <span class='ocrx_word' id='word_1_519' title='bbox 1223 4231 1258 4287; x_wconf 91' lang='lat' dir='ltr'><strong>de</strong></span> <span class='ocrx_word' id='word_1_520' title='bbox 1278 4233 1379 4303; x_wconf 84' lang='lat' dir='ltr'><strong>quibus</strong></span> <span class='ocrx_word' id='word_1_521' title='bbox 1429 4238 1513 4285; x_wconf 90' lang='lat' dir='ltr'><strong>tutem</strong></span> <span class='ocrx_word' id='word_1_522' title='bbox 1535 4229 1558 4260; x_wconf 79' lang='lat'><strong>¹¹</strong></span> <span class='ocrx_word' id='word_1_523' title='bbox 1579 4230 1681 4301; x_wconf 86' lang='lat' dir='ltr'><strong>gradiri</strong></span> <span class='ocrx_word' id='word_1_524' title='bbox 1701 4247 1843 4289; x_wconf 84' lang='lat' dir='ltr'><strong>conamur.</strong></span> <span class='ocrx_word' id='word_1_525' title='bbox 1858 4231 1988 4287; x_wconf 88' lang='lat' dir='ltr'><strong>lliceuim</strong></span> <span class='ocrx_word' id='word_1_526' title='bbox 2004 4241 2102 4288; x_wconf 90' lang='lat' dir='ltr'><strong>camus</strong></span> <span class='ocrx_word' id='word_1_527' title='bbox 2114 4232 2149 4288; x_wconf 83' lang='lat' dir='ltr'><strong>ad</strong></span> <span class='ocrx_word' id='word_1_528' title='bbox 2161 4249 2218 4305; x_wconf 76' lang='lat' dir='ltr'><strong>poe·</strong></span> 
     </span>
     <span class='ocr_line' id='line_1_40' title="bbox 594 4322 2215 4396; baseline -0.002 -11"><span class='ocrx_word' id='word_1_529' title='bbox 594 4331 622 4385; x_wconf 91' lang='lat' dir='ltr'><strong>in</strong></span> <span class='ocrx_word' id='word_1_530' title='bbox 640 4328 748 4384; x_wconf 81' lang='lat' dir='ltr'><strong>Psalmo</strong></span> <span class='ocrx_word' id='word_1_531' title='bbox 765 4346 774 4383; x_wconf 73' lang='grc' dir='ltr'><strong>ε</strong></span> <span class='ocrx_word' id='word_1_532' title='bbox 793 4325 960 4381; x_wconf 77' lang='lat' dir='ltr'><strong>‹Venierrtes</strong></span> <span class='ocrx_word' id='word_1_533' title='bbox 976 4332 1066 4380; x_wconf 84' lang='lat' dir='ltr'><strong>autem</strong></span> <span class='ocrx_word' id='word_1_534' title='bbox 1079 4324 1188 4380; x_wconf 85' lang='lat' dir='ltr'><strong>venient</strong></span> <span class='ocrx_word' id='word_1_535' title='bbox 1200 4340 1262 4381; x_wconf 89' lang='lat' dir='ltr'><strong>cum</strong></span> <span class='ocrx_word' id='word_1_536' title='bbox 1288 4325 1380 4380; x_wconf 77' lang='lat' dir='ltr'><strong>exsul·</strong></span> <span class='ocrx_word' id='word_1_537' title='bbox 1429 4322 1551 4379; x_wconf 80' lang='lat' dir='ltr'><strong>nitentire</strong></span> <span class='ocrx_word' id='word_1_538' title='bbox 1560 4324 1676 4393; x_wconf 89' lang='lat' dir='ltr'><strong>pertinet</strong></span> <span class='ocrx_word' id='word_1_539' title='bbox 1683 4322 1844 4394; x_wconf 88' lang='lat' dir='ltr'><strong>lamentum,</strong></span> <span class='ocrx_word' id='word_1_540' title='bbox 1857 4334 1884 4380; x_wconf 92' lang='lat' dir='ltr'><strong>et</strong></span> <span class='ocrx_word' id='word_1_541' title='bbox 1894 4325 2016 4380; x_wconf 89' lang='lat' dir='ltr'><strong>laborem</strong></span> <span class='ocrx_word' id='word_1_542' title='bbox 2030 4327 2215 4396; x_wconf 89' lang='lat' dir='ltr'><strong>operantium.</strong></span> 
     </span>
     <span class='ocr_line' id='line_1_41' title="bbox 523 4410 2217 4491; baseline -0.007 -10"><span class='ocrx_word' id='word_1_543' title='bbox 523 4477 525 4481; x_wconf 81' lang='grc'>,</span> <span class='ocrx_word' id='word_1_544' title='bbox 594 4421 701 4477; x_wconf 88' lang='lat' dir='ltr'><strong>tatione</strong></span> <span class='ocrx_word' id='word_1_545' title='bbox 722 4429 862 4491; x_wconf 89' lang='lat' dir='ltr'><strong>portantes</strong></span> <span class='ocrx_word' id='word_1_546' title='bbox 887 4416 1042 4487; x_wconf 87' lang='lat' dir='ltr'><strong>manipulos</strong></span> <span class='ocrx_word' id='word_1_547' title='bbox 1069 4430 1135 4472; x_wconf 88' lang='lat' dir='ltr'><strong>suos</strong></span> <span class='ocrx_word' id='word_1_548' title='bbox 1159 4414 1191 4471; x_wconf 73' lang='lat'><strong>¹⁸.</strong></span> <span class='ocrx_word' id='word_1_549' title='bbox 1218 4435 1228 4469; x_wconf 86' lang='grc' dir='ltr'>ι</span> <span class='ocrx_word' id='word_1_550' title='bbox 1258 4415 1378 4472; x_wconf 82' lang='lat' dir='ltr'><strong>Fimbria</strong></span> <span class='ocrx_word' id='word_1_551' title='bbox 1428 4410 1492 4469; x_wconf 89' lang='lat' dir='ltr'><strong>lude</strong></span> <span class='ocrx_word' id='word_1_552' title='bbox 1518 4414 1658 4486; x_wconf 84' lang='lat' dir='ltr'><strong>estquod</strong></span> <span class='ocrx_word' id='word_1_553' title='bbox 1686 4413 1755 4470; x_wconf 90' lang='lat' dir='ltr'><strong>adeo</strong></span> <span class='ocrx_word' id='word_1_554' title='bbox 1781 4414 1871 4484; x_wconf 84' lang='lat' dir='ltr'><strong>grauis</strong></span> <span class='ocrx_word' id='word_1_555' title='bbox 1894 4423 1947 4479; x_wconf 90' lang='lat' dir='ltr'><strong>est,</strong></span> <span class='ocrx_word' id='word_1_556' title='bbox 1976 4413 2050 4484; x_wconf 86' lang='lat' dir='ltr'><strong>quod</strong></span> <span class='ocrx_word' id='word_1_557' title='bbox 2077 4413 2217 4469; x_wconf 74' lang='lat' dir='ltr'><strong>illumcu-</strong></span> 
     </span>
     <span class='ocr_line' id='line_1_42' title="bbox 594 4504 2213 4586; baseline -0.008 -14"><span class='ocrx_word' id='word_1_558' title='bbox 594 4528 713 4586; x_wconf 87' lang='lat' dir='ltr'><strong>namque</strong></span> <span class='ocrx_word' id='word_1_559' title='bbox 733 4512 876 4583; x_wconf 89' lang='lat' dir='ltr'><strong>manipuli,</strong></span> <span class='ocrx_word' id='word_1_560' title='bbox 902 4518 931 4566; x_wconf 91' lang='lat' dir='ltr'><strong>et</strong></span> <span class='ocrx_word' id='word_1_561' title='bbox 945 4509 1080 4579; x_wconf 79' lang='lat' dir='ltr'><strong>cujusque</strong></span> <span class='ocrx_word' id='word_1_562' title='bbox 1101 4523 1189 4564; x_wconf 82' lang='lat' dir='ltr'><strong>sacrae</strong></span> <span class='ocrx_word' id='word_1_563' title='bbox 1206 4509 1291 4565; x_wconf 84' lang='lat' dir='ltr'><strong>vestis</strong></span> <span class='ocrx_word' id='word_1_564' title='bbox 1315 4525 1377 4565; x_wconf 93' lang='lat' dir='ltr'><strong>cum</strong></span> <span class='ocrx_word' id='word_1_565' title='bbox 1428 4504 1630 4562; x_wconf 87' lang='lat' dir='ltr'><strong>cellentioribos</strong></span> <span class='ocrx_word' id='word_1_566' title='bbox 1656 4504 1750 4561; x_wconf 86' lang='lat' dir='ltr'><strong>ederre</strong></span> <span class='ocrx_word' id='word_1_567' title='bbox 1768 4506 1883 4561; x_wconf 84' lang='lat' dir='ltr'><strong>uocibus</strong></span> <span class='ocrx_word' id='word_1_568' title='bbox 1908 4519 1964 4560; x_wconf 93' lang='lat' dir='ltr'><strong>non</strong></span> <span class='ocrx_word' id='word_1_569' title='bbox 1994 4504 2111 4560; x_wconf 88' lang='lat' dir='ltr'><strong>sustinet</strong></span> <span class='ocrx_word' id='word_1_570' title='bbox 2136 4521 2213 4561; x_wconf 87' lang='lat' dir='ltr'><strong>usrrs.</strong></span> 
     </span>
     <span class='ocr_line' id='line_1_43' title="bbox 594 4595 2213 4677; baseline -0.008 -10"><span class='ocrx_word' id='word_1_571' title='bbox 594 4613 631 4667; x_wconf 89' lang='lat' dir='ltr'><strong>sit</strong></span> <span class='ocrx_word' id='word_1_572' title='bbox 651 4610 746 4665; x_wconf 87' lang='lat' dir='ltr'><strong>ultima</strong></span> <span class='ocrx_word' id='word_1_573' title='bbox 770 4619 834 4677; x_wconf 84' lang='lat' dir='ltr'><strong>pars</strong></span> <span class='ocrx_word' id='word_1_574' title='bbox 865 4603 961 4666; x_wconf 85' lang='lat' dir='ltr'><strong>restis,</strong></span> <span class='ocrx_word' id='word_1_575' title='bbox 983 4603 1213 4673; x_wconf 84' lang='lat' dir='ltr'><strong>perseverantiam</strong></span> <span class='ocrx_word' id='word_1_576' title='bbox 1234 4611 1262 4658; x_wconf 91' lang='lat' dir='ltr'><strong>et</strong></span> <span class='ocrx_word' id='word_1_577' title='bbox 1290 4602 1379 4658; x_wconf 90' lang='lat' dir='ltr'><strong>bono·</strong></span> <span class='ocrx_word' id='word_1_578' title='bbox 1427 4596 1494 4654; x_wconf 92' lang='lat' dir='ltr'><strong>lude</strong></span> <span class='ocrx_word' id='word_1_579' title='bbox 1518 4611 1628 4668; x_wconf 79' lang='lat' dir='ltr'><strong>guoque</strong></span> <span class='ocrx_word' id='word_1_580' title='bbox 1639 4606 1682 4653; x_wconf 90' lang='lat' dir='ltr'><strong>est</strong></span> <span class='ocrx_word' id='word_1_581' title='bbox 1696 4598 1768 4669; x_wconf 87' lang='lat' dir='ltr'><strong>quod</strong></span> <span class='ocrx_word' id='word_1_582' title='bbox 1784 4599 1880 4654; x_wconf 89' lang='lat' dir='ltr'><strong>dicbus</strong></span> <span class='ocrx_word' id='word_1_583' title='bbox 1894 4595 2067 4653; x_wconf 88' lang='lat' dir='ltr'><strong>Pentecostes</strong></span> <span class='ocrx_word' id='word_1_584' title='bbox 2077 4595 2111 4653; x_wconf 90' lang='lat' dir='ltr'><strong>de</strong></span> <span class='ocrx_word' id='word_1_585' title='bbox 2124 4597 2213 4654; x_wconf 84' lang='lat' dir='ltr'><strong>obicio</strong></span> 
     </span>
     <span class='ocr_line' id='line_1_44' title="bbox 592 4687 2213 4772; baseline -0.007 -17"><span class='ocrx_word' id='word_1_586' title='bbox 592 4719 656 4760; x_wconf 86' lang='lat' dir='ltr'><strong>rum</strong></span> <span class='ocrx_word' id='word_1_587' title='bbox 675 4715 787 4772; x_wconf 90' lang='lat' dir='ltr'><strong>operum</strong></span> <span class='ocrx_word' id='word_1_588' title='bbox 802 4695 1010 4767; x_wconf 90' lang='lat' dir='ltr'><strong>completionem</strong></span> <span class='ocrx_word' id='word_1_589' title='bbox 1026 4694 1172 4766; x_wconf 87' lang='lat' dir='ltr'><strong>signiticat.</strong></span> <span class='ocrx_word' id='word_1_590' title='bbox 1195 4693 1259 4751; x_wconf 80' lang='lat' dir='ltr'><strong>Post</strong></span> <span class='ocrx_word' id='word_1_591' title='bbox 1275 4695 1379 4765; x_wconf 87' lang='lat' dir='ltr'><strong>episto·</strong></span> <span class='ocrx_word' id='word_1_592' title='bbox 1427 4688 1550 4756; x_wconf 92' lang='lat' dir='ltr'><strong>tollitur,</strong></span> <span class='ocrx_word' id='word_1_593' title='bbox 1572 4689 1637 4759; x_wconf 84' lang='lat' dir='ltr'><strong>quia</strong></span> <span class='ocrx_word' id='word_1_594' title='bbox 1661 4696 1726 4746; x_wconf 89' lang='lat' dir='ltr'><strong>tunc</strong></span> <span class='ocrx_word' id='word_1_595' title='bbox 1745 4687 1808 4743; x_wconf 76' lang='lat' dir='ltr'><strong>ielis</strong></span> <span class='ocrx_word' id='word_1_596' title='bbox 1824 4689 1852 4742; x_wconf 91' lang='lat' dir='ltr'><strong>in</strong></span> <span class='ocrx_word' id='word_1_597' title='bbox 1866 4702 1951 4759; x_wconf 90' lang='lat' dir='ltr'><strong>regno</strong></span> <span class='ocrx_word' id='word_1_598' title='bbox 1965 4697 1992 4743; x_wconf 87' lang='lat' dir='ltr'><strong>et</strong></span> <span class='ocrx_word' id='word_1_599' title='bbox 2006 4689 2097 4759; x_wconf 85' lang='lat' dir='ltr'><strong>quiete</strong></span> <span class='ocrx_word' id='word_1_600' title='bbox 2124 4698 2213 4745; x_wconf 86' lang='lat' dir='ltr'><strong>status</strong></span> 
     </span>
     <span class='ocr_line' id='line_1_45' title="bbox 593 4778 2214 4857; baseline -0.009 -8"><span class='ocrx_word' id='word_1_601' title='bbox 593 4794 661 4857; x_wconf 90' lang='lat' dir='ltr'><strong>lam,</strong></span> <span class='ocrx_word' id='word_1_602' title='bbox 688 4790 790 4848; x_wconf 85' lang='lat' dir='ltr'><strong>chorus</strong></span> <span class='ocrx_word' id='word_1_603' title='bbox 824 4796 906 4844; x_wconf 85' lang='lat' dir='ltr'><strong>cantu</strong></span> <span class='ocrx_word' id='word_1_604' title='bbox 936 4799 1049 4842; x_wconf 80' lang='lat' dir='ltr'><strong>resonas</strong></span> <span class='ocrx_word' id='word_1_605' title='bbox 1090 4785 1230 4856; x_wconf 87' lang='lat' dir='ltr'><strong>graduale,</strong></span> <span class='ocrx_word' id='word_1_606' title='bbox 1260 4795 1377 4842; x_wconf 89' lang='lat' dir='ltr'><strong>tractum</strong></span> <span class='ocrx_word' id='word_1_607' title='bbox 1428 4778 1557 4836; x_wconf 74' lang='lat' dir='ltr'><strong>Ecclesia</strong></span> <span class='ocrx_word' id='word_1_608' title='bbox 1581 4781 1782 4852; x_wconf 86' lang='lat' dir='ltr'><strong>praetiguratur.</strong></span> <span class='ocrx_word' id='word_1_609' title='bbox 1811 4778 1877 4835; x_wconf 89' lang='lat' dir='ltr'><strong>inde</strong></span> <span class='ocrx_word' id='word_1_610' title='bbox 1892 4780 1973 4835; x_wconf 91' lang='lat' dir='ltr'><strong>etiam</strong></span> <span class='ocrx_word' id='word_1_611' title='bbox 1997 4787 2049 4847; x_wconf 89' lang='lat' dir='ltr'><strong>est,</strong></span> <span class='ocrx_word' id='word_1_612' title='bbox 2065 4780 2138 4851; x_wconf 84' lang='lat' dir='ltr'><strong>qrrod</strong></span> <span class='ocrx_word' id='word_1_613' title='bbox 2150 4795 2214 4836; x_wconf 89' lang='lat' dir='ltr'><strong>can·</strong></span> 
     </span>
     <span class='ocr_line' id='line_1_46' title="bbox 596 4871 2214 4951; baseline -0.007 -11"><span class='ocrx_word' id='word_1_614' title='bbox 596 4885 719 4951; x_wconf 77' lang='lat' dir='ltr'><strong>Alleluia,</strong></span> <span class='ocrx_word' id='word_1_615' title='bbox 761 4897 824 4938; x_wconf 90' lang='lat' dir='ltr'><strong>eum</strong></span> <span class='ocrx_word' id='word_1_616' title='bbox 852 4879 986 4945; x_wconf 83' lang='lat' dir='ltr'><strong>versibus,</strong></span> <span class='ocrx_word' id='word_1_617' title='bbox 1018 4880 1126 4935; x_wconf 90' lang='lat' dir='ltr'><strong>neumis</strong></span> <span class='ocrx_word' id='word_1_618' title='bbox 1159 4889 1187 4935; x_wconf 92' lang='lat' dir='ltr'><strong>et</strong></span> <span class='ocrx_word' id='word_1_619' title='bbox 1217 4880 1376 4949; x_wconf 69' lang='lat' dir='ltr'><strong>mouereris.</strong></span> <span class='ocrx_word' id='word_1_620' title='bbox 1393 4871 1474 4926; x_wconf 80' lang='lat' dir='ltr'><strong>litor</strong></span> <span class='ocrx_word' id='word_1_621' title='bbox 1495 4872 1593 4929; x_wconf 89' lang='lat' dir='ltr'><strong>similis</strong></span> <span class='ocrx_word' id='word_1_622' title='bbox 1615 4872 1716 4942; x_wconf 80' lang='lat' dir='ltr'><strong>illigui</strong></span> <span class='ocrx_word' id='word_1_623' title='bbox 1740 4875 1766 4926; x_wconf 90' lang='lat' dir='ltr'><strong>in</strong></span> <span class='ocrx_word' id='word_1_624' title='bbox 1789 4871 1861 4927; x_wconf 86' lang='lat' dir='ltr'><strong>ualle</strong></span> <span class='ocrx_word' id='word_1_625' title='bbox 1875 4871 2037 4942; x_wconf 86' lang='lat' dir='ltr'><strong>plorationis</strong></span> <span class='ocrx_word' id='word_1_626' title='bbox 2058 4871 2168 4942; x_wconf 87' lang='lat' dir='ltr'><strong>positus</strong></span> <span class='ocrx_word' id='word_1_627' title='bbox 2181 4871 2214 4938; x_wconf 86' lang='lat'><strong>¹&#39;,</strong></span> 
     </span>
     <span class='ocr_line' id='line_1_47' title="bbox 595 4962 2213 5043; baseline -0.011 -9"><span class='ocrx_word' id='word_1_628' title='bbox 595 4976 669 5034; x_wconf 84' lang='lat' dir='ltr'><strong>Usus</strong></span> <span class='ocrx_word' id='word_1_629' title='bbox 691 4977 773 5032; x_wconf 87' lang='lat' dir='ltr'><strong>etiam</strong></span> <span class='ocrx_word' id='word_1_630' title='bbox 796 4982 926 5030; x_wconf 73' lang='lat' dir='ltr'><strong>mutuum</strong></span> <span class='ocrx_word' id='word_1_631' title='bbox 948 4980 979 5026; x_wconf 93' lang='grc' dir='ltr'><strong>ιιι</strong></span> <span class='ocrx_word' id='word_1_632' title='bbox 1003 4971 1031 5027; x_wconf 92' lang='lat' dir='ltr'><strong>in</strong></span> <span class='ocrx_word' id='word_1_633' title='bbox 1056 4969 1143 5027; x_wconf 85' lang='lat' dir='ltr'><strong>Esdra</strong></span> <span class='ocrx_word' id='word_1_634' title='bbox 1160 4971 1270 5043; x_wconf 83' lang='lat' dir='ltr'><strong>legitur,</strong></span> <span class='ocrx_word' id='word_1_635' title='bbox 1291 4971 1378 5042; x_wconf 90' lang='lat' dir='ltr'><strong>origi·</strong></span> <span class='ocrx_word' id='word_1_636' title='bbox 1428 4964 1604 5043; x_wconf 83' lang='lat' dir='ltr'><strong>ascensiones</strong></span> <span class='ocrx_word' id='word_1_637' title='bbox 1625 4974 1717 5021; x_wconf 91' lang='lat' dir='ltr'><strong>tamen</strong></span> <span class='ocrx_word' id='word_1_638' title='bbox 1739 4964 1767 5019; x_wconf 92' lang='lat' dir='ltr'><strong>in</strong></span> <span class='ocrx_word' id='word_1_639' title='bbox 1785 4964 1867 5020; x_wconf 89' lang='lat' dir='ltr'><strong>corde</strong></span> <span class='ocrx_word' id='word_1_640' title='bbox 1880 4978 1931 5018; x_wconf 89' lang='lat' dir='ltr'><strong>suo</strong></span> <span class='ocrx_word' id='word_1_641' title='bbox 1944 4962 2090 5032; x_wconf 89' lang='lat' dir='ltr'><strong>disposuit,</strong></span> <span class='ocrx_word' id='word_1_642' title='bbox 2102 4971 2131 5018; x_wconf 91' lang='lat' dir='ltr'><strong>ct</strong></span> <span class='ocrx_word' id='word_1_643' title='bbox 2154 4977 2213 5034; x_wconf 83' lang='lat' dir='ltr'><strong>pce·</strong></span> 
     </span>
     <span class='ocr_line' id='line_1_48' title="bbox 594 5056 2213 5134; baseline -0.009 -9"><span class='ocrx_word' id='word_1_644' title='bbox 594 5083 658 5125; x_wconf 89' lang='lat' dir='ltr'><strong>aem</strong></span> <span class='ocrx_word' id='word_1_645' title='bbox 679 5067 762 5122; x_wconf 85' lang='lat' dir='ltr'><strong>trarit</strong></span> <span class='ocrx_word' id='word_1_646' title='bbox 785 5081 802 5121; x_wconf 98' lang='lat' dir='ltr'><strong>a</strong></span> <span class='ocrx_word' id='word_1_647' title='bbox 825 5063 916 5120; x_wconf 89' lang='lat' dir='ltr'><strong>ilcteri</strong></span> <span class='ocrx_word' id='word_1_648' title='bbox 936 5063 1133 5129; x_wconf 82' lang='lat' dir='ltr'><strong>&#39;l&#39;estamentu;</strong></span> <span class='ocrx_word' id='word_1_649' title='bbox 1159 5061 1310 5134; x_wconf 88' lang='lat' dir='ltr'><strong>gradualia,</strong></span> <span class='ocrx_word' id='word_1_650' title='bbox 1322 5070 1378 5117; x_wconf 78' lang='lat' dir='ltr'><strong>tra·</strong></span> <span class='ocrx_word' id='word_1_651' title='bbox 1426 5056 1548 5113; x_wconf 82' lang='lat' dir='ltr'><strong>nitentirc</strong></span> <span class='ocrx_word' id='word_1_652' title='bbox 1561 5056 1708 5129; x_wconf 90' lang='lat' dir='ltr'><strong>ploratum,</strong></span> <span class='ocrx_word' id='word_1_653' title='bbox 1726 5066 1753 5113; x_wconf 89' lang='lat' dir='ltr'><strong>et</strong></span> <span class='ocrx_word' id='word_1_654' title='bbox 1767 5057 1926 5114; x_wconf 83' lang='lat' dir='ltr'><strong>humilitatis</strong></span> <span class='ocrx_word' id='word_1_655' title='bbox 1939 5056 2063 5127; x_wconf 88' lang='lat' dir='ltr'><strong>gradum,</strong></span> <span class='ocrx_word' id='word_1_656' title='bbox 2079 5062 2107 5110; x_wconf 91' lang='lat' dir='ltr'><strong>et</strong></span> <span class='ocrx_word' id='word_1_657' title='bbox 2116 5069 2213 5110; x_wconf 89' lang='lat' dir='ltr'><strong>ascen·</strong></span> 
     </span>
     <span class='ocr_line' id='line_1_49' title="bbox 594 5146 2214 5226; baseline -0.001 -25"><span class='ocrx_word' id='word_1_658' title='bbox 594 5171 656 5218; x_wconf 62' lang='lat' dir='ltr'><strong>ew,</strong></span> <span class='ocrx_word' id='word_1_659' title='bbox 672 5169 699 5215; x_wconf 66' lang='lat' dir='ltr'><strong>er</strong></span> <span class='ocrx_word' id='word_1_660' title='bbox 713 5158 832 5224; x_wconf 60' lang='lat' dir='ltr'><strong>argelata,</strong></span> <span class='ocrx_word' id='word_1_661' title='bbox 867 5155 1030 5212; x_wconf 66' lang='lat' dir='ltr'><strong>Ambrosius</strong></span> <span class='ocrx_word' id='word_1_662' title='bbox 1043 5163 1072 5210; x_wconf 69' lang='lat' dir='ltr'><strong>rr</strong></span> <span class='ocrx_word' id='word_1_663' title='bbox 1093 5154 1241 5226; x_wconf 67' lang='lat' dir='ltr'><strong>Gregorius</strong></span> <span class='ocrx_word' id='word_1_664' title='bbox 1257 5162 1286 5209; x_wconf 75' lang='lat' dir='ltr'><strong>er</strong></span> <span class='ocrx_word' id='word_1_665' title='bbox 1302 5155 1378 5210; x_wconf 75' lang='lat' dir='ltr'><strong>Gela.</strong></span> <span class='ocrx_word' id='word_1_666' title='bbox 1427 5146 1514 5203; x_wconf 90' lang='lat' dir='ltr'><strong>sionis</strong></span> <span class='ocrx_word' id='word_1_667' title='bbox 1533 5148 1654 5216; x_wconf 86' lang='lat' dir='ltr'><strong>initium,</strong></span> <span class='ocrx_word' id='word_1_668' title='bbox 1680 5149 1741 5204; x_wconf 89' lang='lat' dir='ltr'><strong>loco</strong></span> <span class='ocrx_word' id='word_1_669' title='bbox 1762 5149 1863 5215; x_wconf 90' lang='lat' dir='ltr'><strong>innuit,</strong></span> <span class='ocrx_word' id='word_1_670' title='bbox 1888 5163 1951 5203; x_wconf 92' lang='lat' dir='ltr'><strong>cum</strong></span> <span class='ocrx_word' id='word_1_671' title='bbox 1975 5146 2010 5202; x_wconf 90' lang='lat' dir='ltr'><strong>ad</strong></span> <span class='ocrx_word' id='word_1_672' title='bbox 2033 5146 2149 5215; x_wconf 89' lang='lat' dir='ltr'><strong>gradum</strong></span> <span class='ocrx_word' id='word_1_673' title='bbox 2173 5146 2214 5200; x_wconf 92' lang='lat' dir='ltr'><strong>in·</strong></span> 
     </span>
     <span class='ocr_line' id='line_1_50' title="bbox 594 5232 2214 5319; baseline -0.009 -11"><span class='ocrx_word' id='word_1_674' title='bbox 594 5253 653 5308; x_wconf 87' lang='lat' dir='ltr'><strong>sius</strong></span> <span class='ocrx_word' id='word_1_675' title='bbox 671 5254 886 5319; x_wconf 91' lang='lat' dir='ltr'><strong>composuerunt</strong></span> <span class='ocrx_word' id='word_1_676' title='bbox 908 5254 936 5301; x_wconf 91' lang='lat' dir='ltr'><strong>ct</strong></span> <span class='ocrx_word' id='word_1_677' title='bbox 959 5245 994 5300; x_wconf 89' lang='lat' dir='ltr'><strong>ad</strong></span> <span class='ocrx_word' id='word_1_678' title='bbox 1022 5245 1134 5301; x_wconf 86' lang='lat' dir='ltr'><strong>missam</strong></span> <span class='ocrx_word' id='word_1_679' title='bbox 1160 5245 1266 5301; x_wconf 91' lang='lat' dir='ltr'><strong>cantari</strong></span> <span class='ocrx_word' id='word_1_680' title='bbox 1291 5254 1378 5302; x_wconf 89' lang='lat' dir='ltr'><strong>statu·</strong></span> <span class='ocrx_word' id='word_1_681' title='bbox 1426 5236 1511 5295; x_wconf 82' lang='lat' dir='ltr'><strong>lerior</strong></span> <span class='ocrx_word' id='word_1_682' title='bbox 1532 5254 1578 5308; x_wconf 92' lang='lat' dir='ltr'><strong>eo,</strong></span> <span class='ocrx_word' id='word_1_683' title='bbox 1610 5241 1657 5311; x_wconf 87' lang='lat' dir='ltr'><strong>qui</strong></span> <span class='ocrx_word' id='word_1_684' title='bbox 1681 5241 1802 5297; x_wconf 75' lang='lat' dir='ltr'><strong>consciuit</strong></span> <span class='ocrx_word' id='word_1_685' title='bbox 1840 5240 1961 5305; x_wconf 79' lang='lat' dir='ltr'><strong>alleluiu,</strong></span> <span class='ocrx_word' id='word_1_686' title='bbox 1992 5238 2124 5310; x_wconf 90' lang='lat' dir='ltr'><strong>persistit.</strong></span> <span class='ocrx_word' id='word_1_687' title='bbox 2149 5232 2214 5293; x_wconf 92' lang='lat' dir='ltr'><strong>lmle</strong></span> 
     </span>
     <span class='ocr_line' id='line_1_51' title="bbox 595 5333 2214 5414; baseline -0.011 -12"><span class='ocrx_word' id='word_1_688' title='bbox 595 5351 689 5402; x_wconf 91' lang='lat' dir='ltr'><strong>eruut.</strong></span> <span class='ocrx_word' id='word_1_689' title='bbox 702 5342 884 5414; x_wconf 72' lang='lat' dir='ltr'><strong>Hieronymus</strong></span> <span class='ocrx_word' id='word_1_690' title='bbox 901 5348 991 5393; x_wconf 83' lang='lat' dir='ltr'><strong>tamen</strong></span> <span class='ocrx_word' id='word_1_691' title='bbox 1004 5338 1053 5402; x_wconf 89' lang='lat' dir='ltr'><strong>ait,</strong></span> <span class='ocrx_word' id='word_1_692' title='bbox 1080 5337 1153 5408; x_wconf 85' lang='lat' dir='ltr'><strong>quod</strong></span> <span class='ocrx_word' id='word_1_693' title='bbox 1174 5337 1282 5393; x_wconf 87' lang='lat' dir='ltr'><strong>alleluia</strong></span> <span class='ocrx_word' id='word_1_694' title='bbox 1302 5337 1377 5393; x_wconf 90' lang='lat' dir='ltr'><strong>dice·</strong></span> <span class='ocrx_word' id='word_1_695' title='bbox 1428 5345 1538 5404; x_wconf 80' lang='lat' dir='ltr'><strong>quoque</strong></span> <span class='ocrx_word' id='word_1_696' title='bbox 1556 5340 1599 5388; x_wconf 89' lang='lat' dir='ltr'><strong>est</strong></span> <span class='ocrx_word' id='word_1_697' title='bbox 1614 5333 1688 5403; x_wconf 85' lang='lat' dir='ltr'><strong>quod</strong></span> <span class='ocrx_word' id='word_1_698' title='bbox 1701 5341 1729 5389; x_wconf 92' lang='lat' dir='ltr'><strong>et</strong></span> <span class='ocrx_word' id='word_1_699' title='bbox 1746 5333 1775 5388; x_wconf 89' lang='lat' dir='ltr'><strong>iu</strong></span> <span class='ocrx_word' id='word_1_700' title='bbox 1786 5333 1914 5404; x_wconf 86' lang='lat' dir='ltr'><strong>gradibus</strong></span> <span class='ocrx_word' id='word_1_701' title='bbox 1929 5340 2066 5398; x_wconf 89' lang='lat' dir='ltr'><strong>cantatur,</strong></span> <span class='ocrx_word' id='word_1_702' title='bbox 2078 5339 2106 5386; x_wconf 89' lang='lat' dir='ltr'><strong>et</strong></span> <span class='ocrx_word' id='word_1_703' title='bbox 2120 5345 2135 5384; x_wconf 88' lang='lat' dir='ltr'><strong>a</strong></span> <span class='ocrx_word' id='word_1_704' title='bbox 2150 5347 2214 5402; x_wconf 91' lang='lat' dir='ltr'><strong>gra·</strong></span> 
     </span>
     <span class='ocr_line' id='line_1_52' title="bbox 593 5423 2212 5499; baseline -0.009 -8"><span class='ocrx_word' id='word_1_705' title='bbox 593 5444 669 5492; x_wconf 90' lang='lat' dir='ltr'><strong>retur</strong></span> <span class='ocrx_word' id='word_1_706' title='bbox 689 5434 718 5489; x_wconf 94' lang='lat' dir='ltr'><strong>in</strong></span> <span class='ocrx_word' id='word_1_707' title='bbox 741 5434 837 5498; x_wconf 91' lang='lat' dir='ltr'><strong>missa,</strong></span> <span class='ocrx_word' id='word_1_708' title='bbox 849 5439 965 5486; x_wconf 87' lang='lat' dir='ltr'><strong>tractum</strong></span> <span class='ocrx_word' id='word_1_709' title='bbox 981 5445 1043 5485; x_wconf 88' lang='lat' dir='ltr'><strong>esse</strong></span> <span class='ocrx_word' id='word_1_710' title='bbox 1057 5428 1093 5484; x_wconf 87' lang='lat' dir='ltr'><strong>de</strong></span> <span class='ocrx_word' id='word_1_711' title='bbox 1121 5425 1372 5499; x_wconf 79' lang='lat' dir='ltr'><strong>llicrosolymorum</strong></span> <span class='ocrx_word' id='word_1_712' title='bbox 1428 5423 1509 5480; x_wconf 90' lang='lat' dir='ltr'><strong>dibus</strong></span> <span class='ocrx_word' id='word_1_713' title='bbox 1522 5425 1677 5494; x_wconf 60' lang='lat' dir='ltr'><strong>derivatum</strong></span> <span class='ocrx_word' id='word_1_714' title='bbox 1689 5427 1819 5498; x_wconf 83' lang='lat' dir='ltr'><strong>quoniam</strong></span> <span class='ocrx_word' id='word_1_715' title='bbox 1838 5427 2001 5496; x_wconf 74' lang='lat' dir='ltr'><strong>paenitentes</strong></span> <span class='ocrx_word' id='word_1_716' title='bbox 2017 5435 2045 5481; x_wconf 91' lang='lat' dir='ltr'><strong>et</strong></span> <span class='ocrx_word' id='word_1_717' title='bbox 2056 5424 2137 5480; x_wconf 86' lang='lat' dir='ltr'><strong>activi</strong></span> <span class='ocrx_word' id='word_1_718' title='bbox 2148 5437 2212 5494; x_wconf 83' lang='lat' dir='ltr'><strong>pro-</strong></span> 
     </span>
     <span class='ocr_line' id='line_1_53' title="bbox 593 5516 2210 5591; baseline -0.006 -10"><span class='ocrx_word' id='word_1_719' title='bbox 593 5523 724 5581; x_wconf 74' lang='lat' dir='ltr'><strong>Ecclesla.</strong></span> <span class='ocrx_word' id='word_1_720' title='bbox 741 5521 892 5585; x_wconf 82' lang='lat' dir='ltr'><strong>Nocberus,</strong></span> <span class='ocrx_word' id='word_1_721' title='bbox 910 5519 995 5575; x_wconf 86' lang='lat' dir='ltr'><strong>abbas</strong></span> <span class='ocrx_word' id='word_1_722' title='bbox 1014 5517 1107 5575; x_wconf 86' lang='lat' dir='ltr'><strong>Sancti</strong></span> <span class='ocrx_word' id='word_1_723' title='bbox 1123 5516 1205 5586; x_wconf 88' lang='lat' dir='ltr'><strong>Calli,</strong></span> <span class='ocrx_word' id='word_1_724' title='bbox 1228 5517 1306 5589; x_wconf 91' lang='lat' dir='ltr'><strong>prius</strong></span> <span class='ocrx_word' id='word_1_725' title='bbox 1332 5532 1376 5573; x_wconf 85' lang='lat' dir='ltr'><strong>se·</strong></span> <span class='ocrx_word' id='word_1_726' title='bbox 1428 5516 1525 5574; x_wconf 85' lang='lat' dir='ltr'><strong>deluat</strong></span> <span class='ocrx_word' id='word_1_727' title='bbox 1546 5519 1575 5575; x_wconf 90' lang='lat' dir='ltr'><strong>in</strong></span> <span class='ocrx_word' id='word_1_728' title='bbox 1588 5520 1717 5591; x_wconf 87' lang='lat' dir='ltr'><strong>gradibus</strong></span> <span class='ocrx_word' id='word_1_729' title='bbox 1733 5520 1875 5586; x_wconf 84' lang='lat' dir='ltr'><strong>virtutum,</strong></span> <span class='ocrx_word' id='word_1_730' title='bbox 1887 5520 1952 5575; x_wconf 93' lang='lat' dir='ltr'><strong>dum</strong></span> <span class='ocrx_word' id='word_1_731' title='bbox 1970 5535 2032 5591; x_wconf 82' lang='lat' dir='ltr'><strong>quae</strong></span> <span class='ocrx_word' id='word_1_732' title='bbox 2054 5518 2210 5584; x_wconf 88' lang='lat' dir='ltr'><strong>audierunt,</strong></span> 
     </span>
     <span class='ocr_line' id='line_1_54' title="bbox 594 5608 2214 5686; baseline -0.002 -16"><span class='ocrx_word' id='word_1_733' title='bbox 594 5615 720 5686; x_wconf 79' lang='lat' dir='ltr'><strong>quentiae</strong></span> <span class='ocrx_word' id='word_1_734' title='bbox 738 5627 788 5683; x_wconf 91' lang='lat' dir='ltr'><strong>pro</strong></span> <span class='ocrx_word' id='word_1_735' title='bbox 803 5610 910 5667; x_wconf 91' lang='lat' dir='ltr'><strong>neumis</strong></span> <span class='ocrx_word' id='word_1_736' title='bbox 930 5609 1018 5681; x_wconf 88' lang='lat' dir='ltr'><strong>ipsius</strong></span> <span class='ocrx_word' id='word_1_737' title='bbox 1037 5609 1146 5665; x_wconf 87' lang='lat' dir='ltr'><strong>alleluia</strong></span> <span class='ocrx_word' id='word_1_738' title='bbox 1165 5608 1333 5678; x_wconf 85' lang='lat' dir='ltr'><strong>composuit,</strong></span> <span class='ocrx_word' id='word_1_739' title='bbox 1347 5617 1375 5665; x_wconf 91' lang='lat' dir='ltr'><strong>et</strong></span> <span class='ocrx_word' id='word_1_740' title='bbox 1431 5611 1561 5681; x_wconf 83' lang='lat' dir='ltr'><strong>operibus</strong></span> <span class='ocrx_word' id='word_1_741' title='bbox 1581 5612 1702 5682; x_wconf 91' lang='lat' dir='ltr'><strong>implent.</strong></span> <span class='ocrx_word' id='word_1_742' title='bbox 1731 5611 1799 5668; x_wconf 86' lang='lat' dir='ltr'><strong>Nam</strong></span> <span class='ocrx_word' id='word_1_743' title='bbox 1818 5614 1845 5666; x_wconf 88' lang='lat' dir='ltr'><strong>in</strong></span> <span class='ocrx_word' id='word_1_744' title='bbox 1865 5613 1981 5669; x_wconf 90' lang='lat' dir='ltr'><strong>lectione</strong></span> <span class='ocrx_word' id='word_1_745' title='bbox 2001 5611 2140 5666; x_wconf 89' lang='lat' dir='ltr'><strong>auditores</strong></span> <span class='ocrx_word' id='word_1_746' title='bbox 2165 5626 2214 5680; x_wconf 82' lang='lat' dir='ltr'><strong>pn·</strong></span> 
     </span>
     <span class='ocr_line' id='line_1_55' title="bbox 593 5700 2213 5778; baseline -0.004 -15"><span class='ocrx_word' id='word_1_747' title='bbox 593 5707 721 5764; x_wconf 81' lang='lat' dir='ltr'><strong>Nicotaus</strong></span> <span class='ocrx_word' id='word_1_748' title='bbox 741 5721 811 5778; x_wconf 89' lang='lat' dir='ltr'><strong>papa</strong></span> <span class='ocrx_word' id='word_1_749' title='bbox 826 5705 861 5760; x_wconf 87' lang='lat' dir='ltr'><strong>ad</strong></span> <span class='ocrx_word' id='word_1_750' title='bbox 883 5704 996 5759; x_wconf 86' lang='lat' dir='ltr'><strong>arissam</strong></span> <span class='ocrx_word' id='word_1_751' title='bbox 1021 5701 1127 5758; x_wconf 90' lang='lat' dir='ltr'><strong>camari</strong></span> <span class='ocrx_word' id='word_1_752' title='bbox 1149 5701 1296 5768; x_wconf 87' lang='lat' dir='ltr'><strong>concessit,</strong></span> <span class='ocrx_word' id='word_1_753' title='bbox 1325 5700 1373 5758; x_wconf 85' lang='lat' dir='ltr'><strong>sed</strong></span> <span class='ocrx_word' id='word_1_754' title='bbox 1431 5709 1564 5771; x_wconf 87' lang='lat' dir='ltr'><strong>scantur,</strong></span> <span class='ocrx_word' id='word_1_755' title='bbox 1579 5705 1665 5760; x_wconf 87' lang='lat' dir='ltr'><strong>sedin</strong></span> <span class='ocrx_word' id='word_1_756' title='bbox 1680 5715 1761 5761; x_wconf 85' lang='lat' dir='ltr'><strong>cantu</strong></span> <span class='ocrx_word' id='word_1_757' title='bbox 1782 5706 1862 5775; x_wconf 82' lang='lat' dir='ltr'><strong>quasi</strong></span> <span class='ocrx_word' id='word_1_758' title='bbox 1888 5715 1980 5760; x_wconf 89' lang='lat' dir='ltr'><strong>aratro</strong></span> <span class='ocrx_word' id='word_1_759' title='bbox 1994 5704 2213 5774; x_wconf 89' lang='lat' dir='ltr'><strong>compunctionis</strong></span> 
     </span>
     <span class='ocr_line' id='line_1_56' title="bbox 592 5792 2211 5864; baseline -0.003 -10"><span class='ocrx_word' id='word_1_760' title='bbox 592 5810 621 5854; x_wconf 91' lang='lat' dir='ltr'><strong>ct</strong></span> <span class='ocrx_word' id='word_1_761' title='bbox 638 5796 791 5854; x_wconf 88' lang='lat' dir='ltr'><strong>liermanus</strong></span> <span class='ocrx_word' id='word_1_762' title='bbox 807 5795 982 5862; x_wconf 88' lang='lat' dir='ltr'><strong>Contractus,</strong></span> <span class='ocrx_word' id='word_1_763' title='bbox 1008 5794 1055 5864; x_wconf 88' lang='lat' dir='ltr'><strong>qui</strong></span> <span class='ocrx_word' id='word_1_764' title='bbox 1076 5793 1128 5848; x_wconf 82' lang='lat' dir='ltr'><strong>luit</strong></span> <span class='ocrx_word' id='word_1_765' title='bbox 1145 5792 1269 5848; x_wconf 84' lang='lat' dir='ltr'><strong>inuentor</strong></span> <span class='ocrx_word' id='word_1_766' title='bbox 1284 5801 1389 5848; x_wconf 79' lang='lat' dir='ltr'><strong>astro·-</strong></span> <span class='ocrx_word' id='word_1_767' title='bbox 1427 5795 1512 5850; x_wconf 89' lang='lat' dir='ltr'><strong>corda</strong></span> <span class='ocrx_word' id='word_1_768' title='bbox 1525 5797 1756 5863; x_wconf 87' lang='lat' dir='ltr'><strong>conscinduntur;</strong></span> <span class='ocrx_word' id='word_1_769' title='bbox 1779 5798 1860 5854; x_wconf 90' lang='lat' dir='ltr'><strong>babct</strong></span> <span class='ocrx_word' id='word_1_770' title='bbox 1883 5799 1955 5853; x_wconf 89' lang='lat' dir='ltr'><strong>enim</strong></span> <span class='ocrx_word' id='word_1_771' title='bbox 1976 5799 2081 5853; x_wconf 89' lang='lat' dir='ltr'><strong>musica</strong></span> <span class='ocrx_word' id='word_1_772' title='bbox 2096 5804 2211 5851; x_wconf 87' lang='lat' dir='ltr'><strong>natura·</strong></span> 
     </span>
     <span class='ocr_line' id='line_1_57' title="bbox 589 5881 2214 5957; baseline -0.002 -12"><span class='ocrx_word' id='word_1_773' title='bbox 589 5888 669 5956; x_wconf 84' lang='lat' dir='ltr'><strong>labii,</strong></span> <span class='ocrx_word' id='word_1_774' title='bbox 685 5887 748 5944; x_wconf 88' lang='lat' dir='ltr'><strong>lecit</strong></span> <span class='ocrx_word' id='word_1_775' title='bbox 761 5906 769 5941; x_wconf 73' lang='grc' dir='ltr'><strong>ε</strong></span> <span class='ocrx_word' id='word_1_776' title='bbox 782 5887 837 5942; x_wconf 74' lang='lat' dir='ltr'><strong>ilex</strong></span> <span class='ocrx_word' id='word_1_777' title='bbox 850 5887 1023 5956; x_wconf 81' lang='lat' dir='ltr'><strong>onrrripoteur,</strong></span> <span class='ocrx_word' id='word_1_778' title='bbox 1039 5883 1088 5939; x_wconf 83' lang='lat' dir='ltr'><strong>bie</strong></span> <span class='ocrx_word' id='word_1_779' title='bbox 1101 5883 1240 5949; x_wconf 86' lang='lat' dir='ltr'><strong>lodiernu,</strong></span> <span class='ocrx_word' id='word_1_780' title='bbox 1260 5893 1287 5938; x_wconf 89' lang='lat' dir='ltr'><strong>et</strong></span> <span class='ocrx_word' id='word_1_781' title='bbox 1306 5881 1375 5938; x_wconf 87' lang='lat' dir='ltr'><strong>Suu·</strong></span> <span class='ocrx_word' id='word_1_782' title='bbox 1424 5884 1478 5940; x_wconf 92' lang='lat' dir='ltr'><strong>lem</strong></span> <span class='ocrx_word' id='word_1_783' title='bbox 1491 5887 1637 5957; x_wconf 86' lang='lat' dir='ltr'><strong>quamdam</strong></span> <span class='ocrx_word' id='word_1_784' title='bbox 1661 5887 1715 5944; x_wconf 87' lang='lat' dir='ltr'><strong>rim</strong></span> <span class='ocrx_word' id='word_1_785' title='bbox 1733 5889 1766 5944; x_wconf 91' lang='lat' dir='ltr'><strong>ad</strong></span> <span class='ocrx_word' id='word_1_786' title='bbox 1790 5887 1951 5946; x_wconf 88' lang='lat' dir='ltr'><strong>bectoudum</strong></span> <span class='ocrx_word' id='word_1_787' title='bbox 1980 5891 2114 5953; x_wconf 88' lang='lat' dir='ltr'><strong>animum,</strong></span> <span class='ocrx_word' id='word_1_788' title='bbox 2139 5887 2214 5943; x_wconf 86' lang='lat' dir='ltr'><strong>sicut</strong></span> 
     </span>
    </p>
   </div>
   <div class='ocr_carea' id='block_1_3' title="bbox 595 6085 2210 6250">
    <p class='ocr_par' dir='ltr' id='par_1_3' title="bbox 595 6085 2210 6250">
     <span class='ocr_line' id='line_1_58' title="bbox 627 6085 2210 6161; baseline -0.002 -12"><span class='ocrx_word' id='word_1_789' title='bbox 627 6093 809 6152; x_wconf 71' lang='lat' dir='ltr'><strong>&#39;lEsdmlb</strong></span> <span class='ocrx_word' id='word_1_790' title='bbox 843 6090 1025 6148; x_wconf 73' lang='lat' dir='ltr'><strong>’irrina</strong></span> <span class='ocrx_word' id='word_1_791' title='bbox 1075 6090 1098 6124; x_wconf 83' lang='lat'><strong>¹·</strong></span> <span class='ocrx_word' id='word_1_792' title='bbox 1118 6088 1184 6145; x_wconf 89' lang='lat' dir='ltr'><strong>lmc.</strong></span> <span class='ocrx_word' id='word_1_793' title='bbox 1210 6086 1254 6142; x_wconf 86' lang='lat' dir='ltr'><strong>lb.</strong></span> <span class='ocrx_word' id='word_1_794' title='bbox 1305 6087 1326 6120; x_wconf 82' lang='lat'><strong>⁸¹</strong></span> <span class='ocrx_word' id='word_1_795' title='bbox 1346 6085 1440 6146; x_wconf 82' lang='lat' dir='ltr'><strong>llattb.</strong></span> <span class='ocrx_word' id='word_1_796' title='bbox 1466 6090 1508 6149; x_wconf 78' lang='lat'><strong>¹5.</strong></span> <span class='ocrx_word' id='word_1_797' title='bbox 1546 6092 1650 6152; x_wconf 78' lang='lat' dir='ltr'><strong>”Lae</strong></span> <span class='ocrx_word' id='word_1_798' title='bbox 1671 6094 1704 6161; x_wconf 85' lang='lat' dir='ltr'><strong>l;</strong></span> <span class='ocrx_word' id='word_1_799' title='bbox 1726 6091 1835 6150; x_wconf 81' lang='lat' dir='ltr'><strong>lsalil.</strong></span> <span class='ocrx_word' id='word_1_800' title='bbox 1876 6090 2048 6146; x_wconf 71' lang='lat' dir='ltr'><strong>&#39;’licutini.</strong></span> <span class='ocrx_word' id='word_1_801' title='bbox 2089 6088 2110 6121; x_wconf 73' lang='lat'><strong>¹⁵</strong></span> <span class='ocrx_word' id='word_1_802' title='bbox 2134 6086 2210 6146; x_wconf 77' lang='lat' dir='ltr'><strong>rsar.</strong></span> 
     </span>
     <span class='ocr_line' id='line_1_59' title="bbox 595 6157 1448 6250; baseline -0.007 -31"><span class='ocrx_word' id='word_1_803' title='bbox 595 6163 656 6221; x_wconf 67' lang='lat' dir='ltr'><strong>lii.</strong></span> <span class='ocrx_word' id='word_1_804' title='bbox 691 6169 712 6200; x_wconf 86' lang='lat'><strong>¹⁸</strong></span> <span class='ocrx_word' id='word_1_805' title='bbox 730 6165 813 6220; x_wconf 81' lang='lat' dir='ltr'><strong>Erod.</strong></span> <span class='ocrx_word' id='word_1_806' title='bbox 830 6164 872 6220; x_wconf 83' lang='lat'><strong>15.</strong></span> <span class='ocrx_word' id='word_1_807' title='bbox 911 6161 1081 6219; x_wconf 66' lang='lat' dir='ltr'><strong>ursario.</strong></span> <span class='ocrx_word' id='word_1_808' title='bbox 1105 6162 1139 6250; x_wconf 40' lang='grc' dir='ltr'><strong>ι’</strong></span> <span class='ocrx_word' id='word_1_809' title='bbox 1162 6158 1233 6215; x_wconf 77' lang='lat' dir='ltr'><strong>Psal.</strong></span> <span class='ocrx_word' id='word_1_810' title='bbox 1256 6157 1302 6215; x_wconf 71' lang='lat' dir='ltr'><strong>dl.</strong></span> <span class='ocrx_word' id='word_1_811' title='bbox 1446 6165 1448 6171; x_wconf 89' lang='lat'>&#39;</span> 
     </span>
    </p>
   </div>
   <div class='ocr_carea' id='block_1_4' title="bbox 0 0 2568 7059">
    <p class='ocr_par' dir='ltr' id='par_1_4' title="bbox 0 0 2568 7059">
     <span class='ocr_line' id='line_1_60' title="bbox 0 0 2568 7059; baseline 0 6"><span class='ocrx_word' id='word_1_812' title='bbox 0 0 2568 7059; x_wconf 95' lang='lat' dir='ltr'><strong> </strong></span> 
     </span>
    </p>
   </div>
  </div>
 </body>
</html>
