5125 7059
362 687 416 743 sis
962 687 1125 752 uisuntur
1144 693 1389 754 stotonusllllt.
1936 707 1989 768 brt

361 803 446 859 modo
467 811 496 858 et
515 801 613 859 ordine
626 816 681 874 quo
696 801 877 874 superiosest
898 811 1038 872 notatum,
1059 806 1150 862 statim
1167 815 1188 869 ,l
1203 823 1295 866 conrcs
1308 811 1403 881 parteis
1420 810 1552 868 militibus
1571 829 1681 883 secum,
1698 815 1768 873 dirce
1781 833 1843 873 cnm
1867 823 1988 876 exercitu

360 896 449 952 abbas
462 894 653 951 Cisterciensis
666 903 694 951 et
711 895 784 967 ipsc,
799 896 898 953 ducem
922 895 1086 969 burgundiae
1101 899 1149 956 ad·
1200 912 1375 970 remanente,
1390 912 1511 962 castrum
1526 906 1591 961 adiit
1606 918 1803 977 prnriotalum,
1821 911 1894 979 qimd
1909 928 1988 968 accc·

358 997 436 1054 cunt,
449 997 477 1044 et
488 987 616 1043 comitem
629 985 825 1044 Nirernenscm
840 998 951 1046 omntes
961 998 989 1046 et
999 991 1149 1062 deprecari·
1198 1004 1286 1064 ptum,
1303 1006 1383 1066 geute
1393 1013 1443 1053 sua
1458 999 1584 1056 munivit.
1601 997 1656 1055 Nec
1669 1001 1837 1057 reticendum
1851 1003 1925 1072 quod
1940 1020 1988 1058 co-

359 1091 402 1135 tes
426 1093 457 1136 ut
475 1081 502 1137 in
525 1080 640 1137 servitio
654 1079 718 1138 iesu
734 1081 838 1138 Christi
862 1083 1042 1153 dignarentur
1058 1084 1149 1141 adbuc
1199 1100 1256 1142 rues
1271 1085 1424 1144 Tolosanus
1435 1088 1482 1159 qni
1499 1087 1587 1146 luerat
1600 1090 1627 1145 in
1638 1090 1782 1146 obsidione
1796 1091 1988 1157 Carcassorue,

357 1174 559 1245 aliquantolum
576 1175 752 1231 commorari.
768 1174 865 1231 Adbuc
882 1175 956 1231 enim
967 1184 1046 1232 eraut
1060 1175 1148 1232 bere-
1198 1178 1378 1252 felicibusque
1389 1183 1677 1240 uostrissoccessilnis
1689 1184 1836 1251 inridebat,
1849 1186 1990 1243 consuluit

358 1267 477 1322 tinorum
501 1269 612 1324 castella
639 1269 725 1324 iruulta
742 1277 770 1325 et
785 1267 935 1324 lortisrirna
958 1267 1123 1338 acquirenda
1139 1284 1146 1324 ι
1197 1272 1289 1327 couniti
1306 1283 1400 1330 nostro
1424 1283 1455 1329 ot
1470 1274 1595 1345 quadarn
1615 1285 1707 1332 castra
1731 1292 1792 1347 quc
1805 1277 1895 1335 vicina
1912 1288 1990 1335 erant

359 1369 389 1414 ul
400 1359 473 1415 enim
484 1361 725 1431 prenominamus
737 1361 891 1427 innumera,
907 1370 986 1417 erant
996 1361 1069 1417 circa
1080 1361 1148 1416 (lar-
1198 1371 1277 1421 terrae
1302 1365 1375 1421 illius
1392 1367 1500 1422 comitis
1526 1365 1656 1424 Tolosani
1682 1369 1787 1424 destrui
1799 1368 1909 1426 iaceret.
1928 1369 1990 1442 lpse

356 1464 505 1506 eossonam
521 1453 573 1506 tria
586 1460 676 1508 castra
693 1451 889 1516 munitissima,
907 1451 935 1507 in
951 1452 1053 1523 quibus
1069 1449 1149 1507 babi·
1196 1458 1279 1512 ctiam
1296 1458 1375 1528 quasi
1389 1458 1441 1514 sub
1454 1459 1544 1528 specie
1564 1459 1630 1514 boni
1645 1460 1678 1514 ad
1694 1462 1860 1517 noluntatem
1879 1462 1988 1517 comitis

357 1540 529 1598 tubanttunc
542 1544 675 1614 temporis
685 1543 814 1615 praecipui
830 1543 892 1600 bdei
907 1552 1009 1600 nostrae
1030 1544 1145 1600 inimici.
1197 1549 1297 1615 nnslri,
1316 1550 1407 1620 aliqua
1424 1549 1534 1605 castella
1556 1550 1681 1606 lunditos
1694 1554 1801 1620 evertit,
1815 1561 1844 1608 et
1859 1553 1988 1609 combus-

356 1630 425 1688 Erat
441 1635 542 1705 quippe
554 1651 588 1691 er
604 1652 658 1694 una
672 1647 750 1709 parte
760 1637 895 1706 llinerba,
910 1639 1009 1695 exalia
1025 1647 1146 1695 castrum
1196 1641 1246 1707 sil,
1259 1641 1313 1697 sub
1334 1641 1385 1697 boc
1400 1643 1503 1698 scilicet
1523 1650 1655 1713 praetexto
1670 1660 1704 1700 ue
1718 1652 1827 1701 nostros
1840 1645 1875 1701 de
1888 1654 1988 1702 cetero

356 1724 501 1795 Pinarum,
516 1728 551 1784 ab
567 1729 620 1785 alia
643 1728 822 1788 Cabarerum.
837 1731 897 1787 bur
917 1742 1009 1789 autem
1022 1731 1147 1803 llorgun·
1196 1733 1398 1806 impugnarent.
1416 1732 1473 1789 lloc
1486 1734 1547 1789 ideo
1566 1733 1683 1791 iaciebat
1699 1735 1743 1790 ille
1756 1735 1877 1806 perlidos
1893 1744 1922 1791 et
1932 1736 1988 1790 ini-

355 1821 419 1887 diae,
435 1833 529 1892 utpote
549 1823 779 1895 benignissimos,
796 1826 913 1895 benigne
936 1825 1147 1896 deprecantibus
1195 1825 1362 1894 quus,quia
1382 1825 1576 1897 rolcbalqood
1599 1836 1671 1882 term
1686 1826 1730 1882 illa
1744 1828 1988 1897 destrueretur,et

355 1914 514 1984 nequierit,
536 1917 717 1987 promisitque
737 1933 786 1988 per
810 1918 1011 1988 aliquantulum
1040 1926 1147 1989 tempus
1196 1915 1289 1972 nudus
1303 1916 1431 1973 resistere
1442 1927 1536 1986 posset
1549 1917 1586 1973 ei.

354 2020 420 2060 cum
435 2004 477 2061 eis
490 2004 525 2061 ad
547 2006 606 2063 liare
629 2015 811 2064 moratorum.
834 2009 934 2065 Comes
945 2019 1036 2066 autem
1051 2008 1146 2066 Niser-
1482 2007 1598 2064 CAPUT
1615 2009 1698 2065 xxti.

355 2095 454 2153 nensis
467 2097 544 2153 nullo
566 2098 648 2154 modo
661 2099 749 2156 voluit
763 2099 975 2171 deprecantibus
994 2100 1144 2170 obaudire;
1337 2100 1429 2157 latrat
1442 2116 1526 2156 eomer
1539 2101 1689 2158 Albinrsenr
1701 2103 1844 2160 dicresim.

355 2187 404 2242 sed
431 2189 524 2245 statim
550 2191 584 2246 ad
612 2193 891 2263 propriorcmearit:
911 2196 1053 2253 nonenim
1076 2158 1182 2251 beneB
1233 2192 1374 2251 Cumbaee
1387 2203 1542 2265 agerentur,
1564 2193 1715 2265 burgenses
1736 2195 1880 2264 cujusdam
1906 2195 1986 2251 nobi·

352 2282 558 2339 conveniebant
580 2284 636 2341 dua
659 2293 688 2341 ct
711 2300 805 2342 comes
819 2285 880 2352 ille;
898 2287 1048 2343 redhostis
1070 2288 1145 2358 paris
1196 2285 1296 2342 lissirni
1310 2287 1392 2342 castri
1407 2285 1480 2357 qood
1495 2284 1597 2343 dicitur
1616 2285 1712 2342 Castra
1734 2287 1760 2342 in
1777 2287 1913 2358 lllbigensi
1930 2297 1986 2344 ter·

353 2376 483 2433 diabolus
493 2377 529 2432 ita
546 2377 618 2434 iuter
632 2379 694 2435 illos
708 2390 819 2436 mutuas
838 2380 998 2436 inimicitias
1018 2382 1144 2449 acuebat,
1196 2378 1307 2443 ritorio,
1320 2388 1454 2434 venerunt
1468 2378 1502 2434 ad
1518 2377 1646 2434 comitem
1669 2389 1805 2444 nostrum,
1821 2380 1909 2450 parati
1921 2394 1985 2436 eum

352 2466 429 2537 qrmd
441 2467 572 2524 timebant
584 2469 706 2538 quotidie
720 2470 806 2525 nostri
823 2484 857 2525 ne
870 2485 900 2527 se
919 2478 1015 2525 mutuo
1034 2469 1145 2526 occide·
1195 2469 1335 2540 suscipere
1351 2469 1380 2524 in
1404 2469 1592 2525 dominorum
1614 2467 1704 2524 lacere
1724 2469 1785 2540 ejus
1806 2469 1985 2529 voluntatem.

352 2569 427 2617 rent.
451 2558 673 2619 Presumebatur
686 2562 769 2618 etiam
786 2577 801 2618 a
816 2562 936 2629 nostris,
952 2563 1027 2634 quod
1051 2577 1145 2620 comes
1194 2559 1343 2616 Consuluit
1366 2575 1431 2631 ergo
1457 2560 1513 2615 dur
1527 2559 1622 2616 comiti
1645 2571 1674 2616 ιιι
1687 2562 1739 2615 iret
1751 2570 1780 2615 el
1792 2565 1985 2631 acciperetea·

352 2652 543 2716 b'iiernensis,
555 2670 610 2710 non
622 2655 690 2710 satis
704 2656 804 2715 bonam
816 2655 926 2726 gerebat
940 2670 1003 2726 erga
1017 2663 1144 2710 nostrum
1195 2662 1285 2708 strunt
1300 2653 1378 2718 illud,
1392 2652 1457 2723 quiu
1476 2653 1554 2723 quasi
1568 2662 1651 2725 caput
1672 2664 1732 2709 erat
1748 2653 1834 2710 tulius
1854 2654 1986 2709 territorii

352 2749 728 2816 „gmqoemv01„„1ageffl‚,0
750 2749 823 2820 quoq
846 2765 939 2805 0011,oe
954 2756 1048 2804 noster
1064 2748 1144 2804 [ami.
1195 2742 1360 2815 blbigensis.
1382 2740 1434 2797 lvit
1455 2757 1521 2813 ergo
1533 2755 1626 2797 eomes
1641 2757 1703 2797 com
1718 2742 1824 2812 parteis,
1838 2742 1907 2798 doce
1922 2757 1985 2797 cum

353 2841 433 2896 liaris
446 2849 506 2895 erat
528 2840 606 2896 ducis
631 2841 808 2911 Burgundiae,
824 2850 929 2896 etcum
943 2851 1102 2897 eorencrat
1127 2856 1145 2896 a
1194 2837 1315 2892 exercitu
1339 2837 1480 2893 derelicto.
1508 2835 1620 2892 Factum
1645 2848 1687 2893 est
1708 2845 1799 2894 antem
1829 2841 1987 2894 domasset

352 2933 480 3004 partibus
490 2932 647 2990 Gallicanis.
667 2932 689 2989 0
705 2943 807 3005 quanta
822 2932 929 3004 antiqui
954 2933 1043 2990 bostis
1066 2932 1146 2988 mali·
1194 2944 1289 2984 comcs
1304 2929 1332 2984 in
1348 2928 1479 3000 praedicto
1494 2937 1597 2997 castro,
1613 2936 1641 2982 et
1662 2927 1787 2984 homines
1803 2929 1887 2985 castri
1903 2926 1986 2985 lecis-

352 3029 408 3092 tia,
426 3027 474 3098 qui
490 3027 692 3098 promotionem
708 3029 809 3099 negotii
832 3025 898 3082 iesu
922 3026 1024 3083 Christi
1049 3027 1146 3084 videns
1195 3027 1255 3076 ⁸0¹¹!
1274 3021 1300 3075 ⁰1
1316 3021 1480 3088 hominium.
1503 3021 1883 3091 ⁰²⁸²f¹¹⁰¹tl⁰01f³1¹3ffi⁵⁸⁴=¹¹b
1908 3036 1987 3076 lene·

351 3134 379 3182 et
390 3124 528 3190 inridens,
540 3123 671 3194 impedire
686 3122 773 3178 roloit
786 3122 860 3194 quod
873 3121 961 3177 doluit
971 3121 1143 3191 promoveri!
1195 3121 1261 3167 ruut
1284 3111 1319 3168 ad
1341 3127 1404 3167 eum
1432 3114 1534 3169 milites
1546 3113 1691 3184 cujusdam
1713 3114 1797 3168 castri
1821 3113 1985 3169 nobilissimi

353 3215 500 3272 Exercitus
522 3213 657 3284 siqnidem
679 3212 933 3284 crucesignatorum
956 3211 1004 3281 qui
1034 3209 1147 3267 inerunt
1196 3221 1280 3276 prope
1291 3205 1399 3262 lllbiam
1419 3205 1531 3262 riomine
1543 3205 1679 3262 Lombers
1690 3206 1777 3276 parati
1791 3206 1880 3261 lacere
1890 3203 1985 3262 comiti

353 3309 382 3363 iu
409 3306 556 3363 obsidione
569 3304 748 3361 Carcassome
765 3314 826 3360 erat
843 3312 898 3360 mm
917 3317 1033 3373 maguus
1049 3310 1077 3358 et
1092 3301 1147 3357 ior·
1196 3301 1268 3355 sicut
1284 3297 1405 3354 lecerunt
1418 3297 1458 3352 illi
1471 3297 1505 3352 de
1519 3299 1629 3355 castris.
1640 3296 1746 3354 Nobilis
1759 3312 1926 3355 verocomes
1936 3313 1986 3355 ro·

352 3401 389 3456 tis
402 3398 477 3470 qood
498 3398 522 3454 si
534 3397 649 3454 ulterius
662 3396 792 3452 voluisset
805 3395 953 3467 procedere
966 3404 994 3450 et
1006 3393 1145 3450 unanimi·
1196 3390 1254 3448 lens
1270 3390 1360 3447 redire
1381 3390 1415 3446 ad
1430 3391 1591 3457 exercitum,
1607 3389 1696 3446 uoluit
1714 3398 1780 3446 tunc
1793 3390 1833 3445 ire
1854 3405 1917 3446 cora
1931 3390 1984 3458 eis,

353 3501 396 3545 ter
411 3487 539 3560 persequi
557 3485 716 3542 ortbodorre
740 3485 803 3541 lidei
832 3485 978 3553 inimicos,
994 3500 1049 3541 non
1072 3486 1180 3571 irrue-c
1197 3483 1245 3540 sed
1257 3494 1362 3538 tanturn
1378 3482 1482 3553 recepit
1495 3482 1523 3537 in
1537 3496 1588 3538 sua
1603 3480 1774 3553 protectione
1789 3490 1922 3548 castrum,
1933 3481 1985 3536 do·

352 3580 461 3635 trientes
481 3578 530 3650 qui
553 3577 713 3634 resisterent
724 3577 783 3646 eis,
801 3586 885 3634 totam
907 3580 1098 3636 terramillam
1116 3581 1145 3637 in
1196 3590 1246 3630 nec
1261 3576 1301 3632 ire
1311 3583 1405 3646 posset
1418 3582 1540 3643 ternpore
1550 3575 1723 3644 competenti.
1736 3572 1897 3629 lliraculum
1909 3571 1985 3643 quod

352 3671 429 3729 beeri
448 3654 591 3742 acquirere
614 3671 779 3742 potuissent.
800 3667 870 3738 Sed,
884 3671 913 3726 iu
930 3681 1063 3742 quantum
1090 3673 1146 3728 bo·
1195 3666 1312 3738 contigit
1327 3667 1355 3722 in
1375 3674 1466 3722 castro
1481 3665 1516 3722 de
1528 3666 1646 3733 Castris,
1669 3665 1695 3721 ln
1711 3664 1855 3735 presentia
1876 3664 1986 3719 comitis

352 3780 435 3823 suana
448 3764 518 3819 ratio
534 3772 622 3835 potest
648 3764 896 3834 comprehendere,
915 3779 1035 3835 superna
1056 3765 1145 3837 pictas
1195 3759 1336 3816 noluimus
1351 3759 1501 3830 preterire.
1519 3756 1680 3815 bresenono
1701 3756 1813 3814 luerunt
1826 3757 1882 3811 duo
1898 3757 1985 3811 baere-

353 3859 416 3914 ideo
431 3856 511 3911 aliter
525 3855 687 3923 ordinabat,
700 3855 765 3925 quia
783 3855 910 3912 videlicet
930 3856 1043 3916 bomani
1062 3872 1145 3927 gerre-
1195 3851 1242 3906 tici
1255 3852 1308 3923 ipsi
1321 3852 1416 3908 comiti
1431 3869 1438 3906 :
1455 3852 1524 3907 alter
1547 3860 1638 3907 nutem
1652 3866 1749 3907 eornm
1770 3847 1908 3921 perlectas
1924 3857 1985 3905 crat

353 3948 391 4004 ris
403 3946 486 4003 saluti
497 3945 654 4015 prouidens,
667 3945 877 4015 acquisitionem
891 3956 972 4002 terrae
983 3948 1070 4004 voluit
1080 3964 1144 4020 pec-
1195 3944 1222 3999 in
1237 3958 1311 4000 secta
1326 3945 1475 4012 haereseos,
1488 3943 1557 4000 alter
1577 3959 1641 4000 sero
1653 3953 1712 3999 erat
1723 3943 1803 4016 (quasi
1823 3941 1945 3998 novitius
1956 3949 1985 3996 et

353 4040 497 4097 catoribus
516 4053 667 4095 reservare.
689 4036 756 4094 Pius
769 4038 880 4109 quidem
904 4038 1037 4097 Dominus
1063 4042 1145 4098 simul
1194 4033 1346 4105 discipulus
1361 4035 1485 4092 alterins.
1508 4033 1606 4091 liabito
1622 4049 1715 4091 eomes
1739 4032 1875 4101 consilio,
1898 4031 1986 4087 voluit

354 4134 382 4188 in
397 4131 475 4187 breri
490 4130 562 4185 llniri
578 4129 663 4185 noluit
684 4131 887 4188 sanctissimam
899 4148 1026 4203 guerram
1044 4133 1143 4203 istam,
1195 4137 1225 4182 ut
1239 4127 1321 4182 ambo
1338 4127 1564 4194 incenderentur;
1580 4127 1649 4182 alter
1661 4141 1727 4181 vero
1748 4125 1858 4181 illorum
1873 4123 1984 4179 beroti-

353 4241 402 4296 per
421 4228 473 4280 boc
487 4224 635 4295 providens
649 4223 841 4294 peccatoribus
862 4224 896 4280 ad
921 4226 1046 4291 reniam,
1060 4226 1144 4297 justis
1194 4237 1303 4289 corum,
1319 4222 1363 4278 ille
1385 4222 1512 4278 videlicet
1527 4221 1574 4293 qui
1597 4231 1657 4277 crat
1679 4219 1833 4290 discipulos
1857 4218 1983 4285 alterius,

352 4318 387 4374 ad
403 4316 520 4388 gratiam
535 4314 713 4386 ampliorem,
729 4315 862 4386 paulatim
876 4325 905 4373 et
918 4318 1074 4374 successive
1091 4319 1143 4374 bo·
1194 4326 1286 4371 tactus
1296 4314 1390 4370 dolore
1401 4314 1492 4369 cordis
1503 4315 1669 4370 intrinsecos
1683 4313 1766 4383 clepit
1776 4309 1909 4376 conserti,
1921 4325 1984 4380 pro·

352 4419 409 4465 stes
422 4423 489 4465 suos
505 4407 592 4463 roloit
605 4406 756 4478 subjugari,
769 4407 872 4463 utduro
884 4408 1015 4477 paulatim
1032 4419 1060 4464 et
1079 4424 1143 4468 suc·
1194 4408 1323 4478 urisirque
1342 4408 1415 4478 quod
1430 4407 1546 4462 libenter
1562 4407 1701 4475 abjuraret
1715 4405 1851 4470 baeresim„
1865 4412 1983 4459 sanctae-

352 4499 1144 4571 oessircproceresreaccingerentadrindicandamlirin·
1193 4496 1293 4570 quell.
1309 4498 1341 4554 E.
1355 4514 1405 4569 per
1427 4498 1518 4554 omitia
1534 4496 1668 4554 obediret.
1692 4496 1753 4564 Quo
1779 4494 1890 4557 audito,
1911 4492 1983 4549 lacta

352 4593 425 4647 riam
439 4589 505 4647 lesu
516 4589 630 4658 Christi,
645 4591 808 4663 prolongata
823 4607 922 4662 guerra
934 4600 1043 4663 tenipus
1057 4594 1144 4649 terrie
1193 4600 1237 4646 est
1255 4589 1367 4661 grandis
1385 4590 1530 4646 altercatio
1543 4590 1613 4642 iuter
1637 4597 1746 4644 tlttsltos
1761 4606 1768 4643 ι
1784 4587 1895 4658 quidam
1908 4585 1983 4641 enim

353 4683 548 4755 peccatoribus
562 4683 767 4753 prolongarent.
1193 4684 1331 4748 dicebant,
1344 4683 1417 4754 quod
1428 4699 1461 4736 cr
1472 4698 1528 4752 «quo
1539 4681 1584 4737 ille
1599 4694 1711 4752 paratus
1725 4690 1782 4737 erat
1795 4696 1827 4736 ea
1841 4695 1902 4751 quin
1912 4680 1984 4734 iliri-

647 4771 763 4828 curus
781 4773 853 4830 xxi.
1197 4793 1259 4832 rous
1284 4776 1442 4845 adimplere,
1464 4789 1519 4830 nou
1540 4774 1655 4830 debebat
1682 4782 1769 4835 morte
1794 4771 1982 4843 coridoniuarl.

516 4863 688 4938 damnatorio
704 4865 794 4924 castri
809 4866 978 4925 Frui-doris.
1160 4854 1250 4924 Dblii
1264 4868 1419 4924 econtrario
1439 4866 1600 4923 asserebant
1616 4865 1691 4919 illurn
1703 4877 1765 4919 esse
1776 4877 1854 4918 reum
1868 4861 1983 4929 mortis;

386 4956 489 5014 Paucis
498 4958 596 5013 diebus
608 4957 679 5028 apud
694 4958 894 5027 carcassonam
919 4962 1046 5032 peractis,
1063 4961 1147 5018 exirit
1196 4972 1253 5017 tum
1266 4961 1332 5032 quia
1345 4959 1519 5016 nourriicstum
1532 4966 1592 5015 emt
1606 4959 1694 5028 ipsum
1711 4954 1981 5021 luissebaereticuru3

351 5046 454 5103 nobilis
478 5059 571 5100 coines
591 5061 606 5100 a
636 5045 748 5116 ciuitate
761 5065 825 5106 cum
837 5049 906 5107 duce
920 5059 947 5105 et
958 5066 1055 5123 magna
1069 5063 1146 5123 parte
1195 5065 1254 5110 tum
1269 5055 1334 5126 quia
1346 5054 1494 5124 putabatur
1510 5051 1583 5123 quod
1595 5065 1627 5106 ea
1639 5066 1700 5122 quse
1714 5049 1831 5115 dicebat,
1843 5049 1935 5118 potius
1946 5048 1983 5102 ti-

350 5134 500 5203 ⁰¹⁰¹⁰5¹¹¹⁸2
517 5134 929 5207 ²⁰1⁰l²¹¹¹0⁰⁰mi⁰⁰slllletius
944 5155 1143 5211 processuros:
1196 5164 1271 5205 more
1292 5147 1461 5203 imminentis
1479 5145 1575 5200 mortis
1589 5144 1769 5214 promitteret,
1781 5158 1864 5213 quarn
1890 5156 1983 5196 arnore

350 5229 475 5285 uiarima
487 5226 562 5282 eniro
579 5243 644 5299 pars
657 5231 794 5288 exercitus
804 5244 955 5290 recesserat
967 5250 1029 5292 corn
1045 5235 1145 5292 comite
1194 5243 1358 5298 cnrlsr'mnae
1384 5239 1525 5311 religionis
1549 5237 1738 5293 observanda.
1776 5235 1847 5302 Quid
1883 5235 1984 5306 plural

350 5317 526 5376 bisernensi.
550 5317 690 5378 lloventcs
716 5322 799 5394 igitur
823 5338 839 5380 a
867 5323 1056 5391 Carcassona,
1085 5327 1144 5397 ipsa
1194 5334 1337 5404 nequierit
1348 5330 1739 5401 comesquodcombnreretur
1753 5328 1804 5382 bac
1820 5327 1981 5390 intentione,

350 5413 395 5467 ‘¹5⁰
410 5411 496 5467 ΜΘ
510 5412 628 5467 “miii
649 5412 721 5483 ΨΜ
743 5413 836 5471 Vfflilffl
852 5417 1010 5487 bussmddffl·
1023 5432 1084 5487 (11¹2
1098 5419 1145 5472 ΑΙ·
1194 5426 1267 5495 quod
1282 5425 1306 5479 si
1320 5439 1393 5478 nunc
1404 5430 1592 5488 convertatur,
1614 5420 1684 5492 ignis
1698 5427 1770 5473 esset
1786 5418 1811 5472 ei
1825 5431 1876 5487 pro
1887 5417 1982 5486 expia·

350 5517 421 5559 zona
435 5500 587 5558 dicebatur.
604 5501 635 5557 lo
650 5504 771 5561 crastino
786 5508 925 5563 consuluit
937 5508 993 5564 dor
1005 5510 1098 5564 conniti
1115 5521 1145 5564 ut
1194 5525 1268 5572 tione
1278 5524 1464 5586 peccatorum,
1479 5516 1503 5570 si
1516 5529 1581 5570 tero
1592 5513 1654 5569 llete
1665 5513 1835 5582 loqueretur,
1850 5509 1983 5579 reciperet

350 5596 403 5651 iret
416 5592 452 5649 ad
463 5605 584 5652 caurum
597 5597 734 5668 quoddam
748 5599 820 5669 quod
831 5599 930 5657 dicitur
942 5598 1046 5655 Fanum
1057 5598 1142 5657 iovis.
1194 5625 1243 5679 pro
1257 5608 1369 5678 pertidia
1391 5607 1532 5662 talionem.
1558 5603 1645 5676 bigati
1660 5615 1725 5660 sont
1740 5618 1806 5673 ergo
1821 5600 1903 5656 ambo
1917 5602 1983 5656 stri·

349 5687 482 5744 Cum
495 5688 630 5760 &quidem
653 5689 736 5757 illud·
751 5706 766 5747 ³
779 5691 912 5749 mimihilt
933 5701 961 5749 0²
985 5694 1144 5751 homiuibus
1193 5700 1322 5757 cteduris
1335 5699 1452 5754 vinculis
1463 5708 1491 5754 et
1504 5697 1674 5762 fortissimis,
1689 5711 1737 5766 per
1754 5710 1845 5760 crura,
1859 5703 1980 5749 ierrtrero

349 5780 410 5836 suis
425 5778 526 5836 umore
540 5794 697 5839 nostrorum
714 5784 888 5852 derelictum,
901 5785 1072 5844 intraverant
1082 5788 1144 5859 qui·
1192 5802 1221 5848 et
1231 5792 1343 5858 collum,
1361 5792 1491 5847 manibus
1506 5791 1588 5846 etiarn
1603 5798 1666 5859 post
1679 5797 1753 5861 terga
1769 5787 1907 5843 retinetis.
1919 5785 1981 5854 Quo

348 5873 414 5938 ihm
437 5872 539 5930 militet
557 5875 774 5948 Arragoneoses,
789 5878 836 5950 qui
859 5889 938 5935 eraut
960 5894 1024 5935 cum
1042 5882 1143 5936 comite
1193 5883 1277 5950 lacto,
1291 5884 1439 5956 inquiritur
1450 5886 1485 5940 ab
1496 5885 1542 5941 illo
1558 5884 1586 5941 in
1606 5899 1660 5955 qua
1674 5882 1725 5939 bde
1739 5883 1819 5938 vellet
1831 5880 1980 5952 mori;qul

350 5975 450 6022 ⁰⁰⁸⁸¹⁰
472 5974 501 6022 0¹
522 5969 696 6035 morientum
718 5969 795 6039 plura
809 5971 882 6026 enim
897 5970 932 6026 dc
954 5971 1074 6027 inimus
1096 5988 1143 6028 ca·
1192 5981 1231 6036 ait
1247 5996 1254 6033 ε
1272 5998 1281 6030 ι
1299 5978 1404 6048 tdjnrn
1426 5977 1587 6049 prasinum
1608 5977 1776 6041 lraereucan,
1794 5977 1820 6030 in
1836 5975 1887 6029 nuc
1902 5972 1930 6030 S.
1943 5972 1978 6032 u.

350 6058 439 6116 ttelbs
464 6058 646 6118 nobilioribus
658 6072 686 6118 et
700 6060 860 6118 tortioribus
889 6073 994 6122 terrore
1022 6067 1142 6122 eroccsi·
1192 6068 1223 6125 l..
1238 6070 1302 6126 uolo
1313 6070 1395 6137 mori,
1408 6086 1492 6127 orans
1505 6082 1535 6127 ιιι
1546 6069 1613 6126 mibi
1628 6078 1664 6125 st
1675 6085 1725 6140 pro
1739 6067 1898 6141 purgatorio
1908 6067 1978 6138 ignis

351 6160 498 6224 gnatorum
517 6169 604 6212 sacua
621 6154 729 6214 ineram
748 6158 885 6218 derelicta.
904 6160 1058 6234 Assumptus
1075 6178 1140 6236 ergo
1192 6164 1253 6222 iste.
1274 6186 1281 6213 ι
1301 6162 1439 6224 bcccrrsur
1454 6172 1496 6222 est
1516 6164 1598 6238 igitur
1618 6163 1688 6235 iguis
1704 6163 1776 6220 circa
1798 6163 1915 6235 stipitem
1931 6175 1964 6218 eo
