5125 7059
613 677 667 734 ooo
1149 674 1283 733 stctttot
1303 674 1549 735 cnanooadsts
1569 674 1723 734 El‘lSCOPl
2185 680 2236 739 stt

612 793 705 847 nrinos
726 791 834 847 illorum
862 806 925 848 cum
953 805 1054 862 magno
1069 789 1193 847 exercitu
1216 791 1245 847 in
1270 792 1401 848 strictura
1414 797 1439 855 A
1453 792 1637 849 hebdomadas
1656 794 1701 849 die
1719 803 1858 866 noctoque
1871 799 1972 855 acriter
1988 796 2198 870 impugnabant,
2211 810 2236 857 et

611 884 746 939 montium
770 884 916 940 transitum
942 885 1114 955 prohibebat,
1131 883 1236 948 diceus,
1253 885 1326 955 quod
1345 900 1400 940 non
1451 882 1615 941 Christianis
1626 895 1724 955 praeter
1746 903 1844 944 earnes
1855 892 1971 961 equinas
1986 892 2116 948 victualia
2127 894 2235 951 deiicie-

612 976 772 1042 traasirent,
787 976 840 1031 nisi
856 984 965 1030 centum
980 977 1149 1032 summarios
1160 992 1229 1033 auro
1242 986 1271 1032 et
1286 986 1401 1047 argento
1451 976 1526 1031 hant.
1539 976 1664 1049 Cumque
1685 994 1739 1034 non
1759 981 1927 1039 invenissent
1941 1000 2040 1054 aquam
2054 1001 2104 1056 per
2122 985 2196 1042 diem
2210 997 2236 1042 et

611 1076 741 1122 oneratos
765 1066 871 1121 darent.
897 1064 1048 1137 Imperator
1072 1076 1163 1124 autem
1194 1069 1349 1141 respondit,
1371 1084 1401 1123 se
1450 1075 1569 1134 nortem,
1586 1068 1675 1125 'lurco
1688 1071 1805 1141 quodam
1825 1083 1904 1142 capto
1924 1074 2048 1145 docente,
2063 1094 2167 1149 aquam
2185 1081 2235 1136 521.

610 1156 727 1212 libenter
737 1157 814 1222 dare,
827 1151 872 1212 s'ed
887 1172 940 1210 non
958 1156 1010 1211 nisi
1029 1157 1196 1213 menolatum
1208 1155 1401 1214 unumlnter-
1450 1173 1508 1212 sam
1527 1157 1659 1213 sitibundi
1683 1169 1711 1214 et
1731 1158 1848 1218 famelici
1865 1177 2035 1233 repererunt.
2059 1165 2156 1225 Altera
2173 1183 2235 1225 vero

610 1248 647 1303 im
661 1249 747 1303 nuntii
765 1249 882 1315 soldani,
899 1248 945 1318 qui
966 1247 1154 1305 fraudulenter
1173 1249 1309 1306 ducebant
1323 1264 1399 1317 eum,
1448 1248 1493 1304 die
1520 1253 1704 1305 castrametati
1731 1262 1796 1308 sunt
1811 1253 1838 1308 io
1862 1255 1991 1312 viridario
2005 1258 2103 1322 leonii.
2118 1260 2235 1318 civitatis

609 1341 747 1407 dicebant,
775 1341 849 1410 qrrotl
877 1340 931 1394 cito
955 1341 1089 1396 intrarent
1112 1350 1212 1397 terram
1235 1342 1354 1406 soldani,
1371 1342 1398 1397 in
1449 1339 1578 1404 isaurie,
1602 1343 1674 1398 unde
1703 1345 1835 1402 soldanus
1865 1347 2022 1418 imperatori
2045 1353 2232 1422 mandaverat,

608 1449 664 1503 uua
680 1448 747 1505 gens
762 1434 807 1487 illa
824 1433 876 1488 sibi
889 1434 1005 1490 ulterius
1018 1450 1071 1489 non
1097 1443 1217 1490 noceret.
1233 1433 1311 1519 Tune
1332 1435 1398 1506 quia
1447 1433 1521 1505 qnod
1536 1434 1607 1490 male
1627 1434 1777 1493 intraverat
1791 1446 1892 1494 terrarn
1912 1456 2001 1497 suam.
2018 1441 2174 1510 imperator
2187 1461 2234 1504 au·

608 1524 681 1581 Deus
696 1539 751 1579 ivon
767 1525 880 1580 dimittit
894 1535 1038 1595 sperantes
1052 1527 1079 1580 in
1094 1541 1133 1593 se,
1147 1527 1260 1596 guidam
1274 1528 1397 1583 admira·
1448 1534 1503 1580 tern
1517 1527 1624 1582 remisit
1648 1544 1785 1598 quaerens,
1808 1530 1832 1585 si
1856 1529 1946 1587 lorum
1960 1533 2105 1604 tribueret,
2119 1552 2156 1592 an
2169 1552 2232 1593 noo.

607 1626 663 1683 tus,
677 1616 781 1671 coelesti
797 1616 883 1685 gratia
910 1616 1061 1685 inspiratus
1073 1616 1141 1685 (bl),
1158 1617 1315 1686 imperaturi
1328 1618 1397 1674 adeo
1449 1614 1588 1671 Soidanus
1602 1617 1752 1686 respondit,
1771 1634 1800 1674 se
1824 1619 1970 1689 daturum;
1995 1621 2044 1679 sed
2063 1638 2129 1680 cum
2154 1624 2233 1680 nimis

608 1708 730 1765 fraudem
744 1708 858 1772 deterit,
882 1717 909 1762 ot
927 1708 1050 1777 praelium
1077 1724 1156 1764 mane
1178 1709 1301 1765 lutururn
1328 1727 1397 1782 prae-
1446 1721 1541 1762 corum
1560 1706 1680 1770 ollerret,
1691 1707 1840 1765 Christiani
1861 1713 1937 1768 suad
1951 1714 2131 1784 pugnandum
2145 1731 2233 1772 arma·

607 1801 694 1867 dirim
715 1799 874 1870 faciensque
891 1815 954 1854 eum
979 1799 1129 1869 planitiem,
1158 1800 1185 1855 in
1211 1818 1265 1872 qiua
1294 1803 1397 1859 intrare
1448 1795 2232 1876 1111115101111Ῐ81ῑ13811101111101Τ1111ι1011111111111111·

606 1901 739 1963 coeperat,
753 1892 885 1956 devitare,
907 1906 969 1945 curn
994 1904 1043 1959 per
1062 1898 1192 1944 montana
1207 1892 1330 1948 deduxit.
1343 1891 1396 1948 Oc·
1446 1897 1533 1954 nervi.
1558 1887 1728 1944 Guilelredus
1752 1889 1956 1964 llerhipolensis
1980 1897 2130 1968 episcopus
2160 1914 2232 1956 assc-

605 1986 725 2042 curritur
737 1985 763 2038 in
778 1983 915 2039 attornanis
930 2001 937 2037 ε
951 1982 1089 2038 hincinde
1101 1994 1252 2054 pugnatum
1269 1986 1315 2042 sed
1331 2001 1394 2042 cum
1446 1995 1545 2034 1111118
1559 1995 1588 2034 ⁵⁰
1603 1980 1704 2036 vidisse
1722 1980 1831 2038 beatum
1857 1982 2004 2057 Georgium
2027 1997 2126 2043 contra
2141 1988 2231 2045 hostes

605 2078 708 2135 relictis
723 2076 841 2132 sarcinis
851 2084 878 2131 et
893 2074 1043 2144 alimentis,
1058 2074 1114 2130 dux
1129 2075 1264 2132 demente
1280 2077 1395 2133 viriliter
1446 2087 1496 2142 pto
1506 2070 1671 2130 Christianis
1692 2073 1798 2131 sortiter
1816 2088 2044 2149 propugnantem,
2063 2079 2168 2137 indicta
2183 2096 2231 2153 pu·

604 2170 800 2236 descendisset,
814 2168 955 2224 descendit
966 2178 994 2223 et
1010 2169 1169 2240 imperator,
1184 2171 1231 2240 igni
1246 2172 1393 2228 victoriose
1409 2160 1430 2215 Β
1444 2179 1507 2235 81111,
1519 2175 1547 2221 et
1564 2167 1690 2223 1111111111
1709 2169 1878 2226 edendarum
1900 2172 1965 2233 dm
1979 2171 2101 2240 1111111111,
2123 2190 2231 2245 lim·

605 2262 698 2318 hostes
723 2262 895 2332 impugnant,
921 2268 949 2314 et
973 2271 1103 2331 superant
1126 2262 1253 2319 inimicos
1269 2281 1276 2318 ς
1293 2265 1319 2319 in
1338 2280 1392 2335 qua
1444 2266 1536 2311 set'tttti
1563 2257 1597 2313 ad
1624 2259 1736 2315 bellum.
1756 2258 1791 2316 El
1809 2261 1866 2318 dut
1888 2262 2000 2333 quidem
2023 2265 2167 2321 civilatem
2185 2281 2231 2323 et·

605 2371 695 2425 pugna
709 2352 765 2408 dux
779 2362 854 2424 petra
876 2368 1023 2422 percussus
1041 2353 1110 2409 duos
1126 2354 1333 2412 dentesamisit.
1350 2357 1392 2411 hb
1444 2364 1579 2419 liugnam·
1596 2365 1657 2405 0³¹1}
1674 2352 1791 2407 viriliter
1812 2352 1941 2419 ⁰bii¹¹¹¹ib
1956 2362 1984 2410 0¹
1998 2353 2056 2411 [0¹0
2077 2369 2176 2413 01111188
2190 2372 2231 2412 tt·

604 2446 669 2501 hinc
679 2447 834 2502 ductoresa
848 2445 964 2499 soldano
977 2446 1092 2515 delegati
1111 2445 1250 2517 legerunt,
1265 2449 1392 2505 tirnentrs

603 2554 638 2595 tte
663 2539 777 2594 detecte
809 2538 915 2593 iraudis
943 2539 1092 2608 imperator
1116 2538 1217 2595 lacerat
1245 2540 1389 2599 ultionem.

602 2633 776 2688 Christianus
791 2647 855 2686 vero
866 2632 1003 2685 exereitus
1020 2632 1139 2688 corvhsus
1156 2632 1183 2688 in
1200 2631 1326 2701 bornino,
1343 2635 1391 2706 ιμιὶ

602 2727 716 2782 deduxit
728 2725 811 2781 lsrael
828 2740 874 2795 per
892 2726 1044 2787 desertum,
1061 2725 1217 2796 quindecim
1234 2726 1332 2784 diebus
1343 2743 1391 2798 per

602 2818 749 2889 quaradam
773 2817 912 2889 planitiem
935 2832 1107 2888 progressus,
1129 2832 1238 2874 earnem
1259 2819 1389 2889 equinam

601 2911 787 2965 comederunt.
815 2909 943 2979 Agrestcs
960 2925 1023 2964 vero
1038 2907 1132 2976 Turci,
1148 2911 1295 2981 dequibus
1319 2927 1390 2983 prae·

601 3003 734 3068 diximus,
750 3019 798 3058 eos
822 3004 894 3059 lanre
913 3002 1047 3058 deiecisse
1064 3004 1173 3073 penitus
1187 3006 1388 3074 existimantes,

601 3114 698 3154 rursus
711 3100 737 3152 iu
756 3098 856 3152 bellurn
871 3106 1020 3168 assurgunt
1043 3113 1127 3168 prope
1140 3098 1277 3155 civitatem
1290 3099 1389 3156 Pholo-

601 3207 709 3247 menam
729 3205 826 3260 triagna
847 3206 930 3245 manu
953 3191 1069 3245 militum
1088 3191 1244 3262 peditumve
1267 3202 1388 3259 caterva,

597 3301 672 3356 quos
704 3284 903 3339 invictissimus
933 3283 1083 3353 imperatur
1112 3285 1223 3340 devicit.
1258 3283 1293 3339 Et
1325 3301 1388 3340 cnm

600 3377 719 3433 maxima
740 3376 886 3431 multitudo
911 3391 942 3432 se
966 3376 993 3431 in
1018 3377 1136 3445 quadarn
1151 3377 1277 3432 clatrsura
1301 3379 1388 3433 attacti

1442 2443 1527 2498 beiles
1543 2445 1654 2500 occidit.
1666 2444 1817 2515 imperator
1830 2461 1941 2519 quoquc
1955 2446 2114 2520 (libithinae
2127 2451 2230 2509 soldani

1442 2546 1503 2607 post
1517 2545 1591 2608 terga
1611 2548 1778 2609 pugnantem
1796 2538 1872 2606 vicit,
1888 2540 2022 2598 arescis
2041 2541 2229 2600 innumerabi-

1443 2629 1495 2686 lem
1507 2630 1709 2687 multitudinem
1728 2629 1876 2689 interiecit.

1478 2721 1552 2779 Urbe
1570 2733 1650 2795 capta
1663 2734 1799 2795 potenter,
1814 2726 1947 2783 soldanus
1960 2740 1991 2783 se
2005 2726 2034 2783 ia
2047 2729 2228 2788 munitionem

1441 2815 1635 2884 fortissimam,
1649 2829 1783 2890 quaerat
1801 2819 1828 2874 in
1844 2817 1928 2889 Urbe,
1944 2820 2094 2893 recipiens,
2109 2825 2187 2881 misit
2197 2824 2229 2881 td

1440 2911 1636 2980 imperatorem
1648 2911 1754 2980 dicens,
1774 2928 1804 2968 se
1817 2912 1886 2970 velle
1900 2913 1991 2971 lorum
2005 2914 2083 2983 dare,
2104 2925 2136 2973 et
2151 2918 2228 2990 guid·

1440 3004 1505 3073 qnid
1521 3003 1601 3059 vellet
1621 2997 1767 3076 recipere.
1781 3003 1932 3077 imperator
1956 3006 2068 3063 obsides
2098 3009 2188 3080 petiit,
2203 3017 2228 3065 et

1440 3105 1551 3166 propter
1567 3096 1680 3152 lotorem
1701 3097 1867 3154 cadaverum
1881 3099 1969 3170 (eraut
1997 3100 2071 3156 enim
2091 3099 2191 3159 domus
2203 3110 2228 3159 et

1439 3192 1492 3245 rim
1505 3189 1687 3246 cadaveribus
1709 3193 1807 3263 plenae)
1820 3193 1856 3248 ab
1872 3191 1944 3249 Urbe
1959 3191 2132 3252 descendens
2142 3196 2172 3252 in
2184 3210 2228 3267 po

1441 3280 1547 3334 nroeriis
1562 3289 1772 3337 castrametatus
1786 3290 1838 3337 est.
1850 3280 1930 3339 Dedit
1942 3283 2227 3356 itaquesoldaunsob·

1440 3371 1523 3438 sides,
1543 3372 1617 3427 dedit
1639 3381 1667 3428 et
1687 3372 1777 3429 lorum
1795 3383 1822 3429 et
1848 3373 1975 3431 victualia
1999 3390 2148 3448 equorum.
2176 3375 2227 3434 sm

600 3469 777 3541 recepissent,
794 3469 1007 3523 combusserant
1022 3466 1164 3523 Teutonici
1182 3469 1340 3536 universum
1362 3480 1389 3526 et
1440 3465 1570 3536 quoniam
1584 3480 1671 3537 equos
1685 3466 1742 3538 ipse
1755 3466 1872 3521 nimium
1887 3482 1967 3524 caros
1986 3467 2107 3525 rendere
2122 3477 2226 3541 satage·

598 3574 702 3618 estune
724 3572 844 3633 agrestes
859 3561 896 3614 illi
914 3559 1099 3616 'lui-comanni
1116 3577 1170 3616 non
1186 3561 1299 3617 luerunt
1312 3579 1389 3618 exer·
1440 3557 1497 3622 bat,
1512 3572 1613 3626 equum
1629 3572 1678 3627 ριιι
1692 3566 1804 3612 centum
1818 3557 1941 3613 marchis
1962 3557 2091 3616 videlicet
2113 3559 2226 3617 od'creu·

599 3657 684 3712 eitam
701 3655 815 3711 ulterius
829 3655 966 3724 persecuti
986 3654 1055 3723 (35).
1072 3652 1124 3709 Sed
1145 3654 1230 3709 alter-a
1245 3656 1289 3709 dte
1305 3654 1388 3710 lieto-
1441 3658 1491 3712 tes,
1509 3648 1697 3706 aTeumnieis
1714 3659 1828 3707 econtra
1844 3651 1936 3707 dolum
1960 3651 2024 3708 dolo
2045 3667 2226 3725 compensau-

597 3751 690 3806 ctinus
704 3748 811 3805 soldani
826 3747 900 3801 filins
922 3748 996 3802 verrit
1012 3746 1121 3801 obviant
1138 3762 1200 3800 eura
1215 3748 1348 3812 exercitu,
1362 3756 1389 3803 et
1439 3744 1513 3798 tibus
1527 3759 1576 3813 pro
1589 3744 1701 3799 marcha
1722 3743 1870 3801 ferronem
1887 3745 2067 3817 recipiebam·
2086 3746 2226 3815 01101111·

599 3843 633 3898 ad
647 3843 839 3911 imperatorem
856 3841 931 3894 misit
954 3838 1076 3902 numios,
1092 3838 1186 3892 dicens
1202 3856 1208 3892 ε
1227 3836 1362 3894 lleocrtere
1378 3856 1387 3893 .·
1439 3836 1517 3890 eliens
1533 3837 1674 3903 soldanus,
1687 3838 1763 3893 misit
1785 3838 1820 3893 ad
1836 3838 2029 3909 imperatorem
2043 3854 2224 3912 coarguerem,

597 3935 662 4005 qnid
677 3934 748 3988 enias
762 3935 848 4004 [ocare
863 3942 952 4003 portes,
978 3947 1038 3985 cum
1065 3928 1175 3983 habeant
1190 3929 1268 3999 plura
1291 3931 1388 3985 traillu
1438 3933 1511 4000 giutid
1527 3931 1568 3986 sui
1581 3933 1667 4003 pretio
1688 3932 1888 4002 deciperentur.
1909 3933 1961 3989 eut
1985 3935 2131 4005 respondit
2144 3933 2226 4006 itttpc⁴

597 4043 677 4097 qaum
693 4037 722 4080 tu
740 4026 859 4080 milites?
873 4023 907 4078 Ει
925 4040 987 4079 curn
1008 4023 1178 4094 pervenisset
1191 4023 1339 4092 imperator
1352 4022 1387 4078 ad

598 4119 745 4189 quremdarn
761 4126 870 4189 pontem
883 4115 965 4172 'laurei
980 4116 1109 4186 sugerunt
1120 4126 1183 4172 ante
1195 4126 1223 4172 et
1233 4127 1316 4172 retro.
1333 4116 1387 4173 Sed

597 4214 652 4267 dni
668 4212 821 4268 anteriores
836 4210 947 4274 devicit,
968 4218 995 4265 et
1012 4211 1160 4281 imperator
1175 4212 1342 4281 posteriores
1358 4212 1386 4265 in

597 4314 675 4376 parte
691 4305 810 4359 maxima
835 4302 986 4368 interiecit;
1002 4311 1030 4357 et
1051 4303 1092 4358 sic
1115 4313 1225 4373 pontem
1248 4305 1386 4360 exercitus

597 4397 776 4469 pertransivit
796 4397 951 4451 universus.
968 4393 1082 4451 hemum
1098 4397 1217 4451 marimo
1234 4406 1262 4451 et
1279 4399 1385 4452 infinita

596 4489 751 4546 'lurcorum
765 4488 910 4543 multitudo
925 4503 958 4541 ex
978 4487 1052 4542 omni
1070 4498 1147 4556 parte
1164 4489 1291 4544 circuunt
1306 4505 1386 4544 exurr-

598 4588 683 4642 citnm
698 4583 930 4649 Christianorum,
956 4580 992 4635 ita
1009 4582 1081 4652 quod
1098 4582 1188 4636 curido
1207 4600 1255 4652 per
1266 4592 1386 4654 ‹garrituor

633 4719 691 4792 (bl)
709 4718 798 4775 Codes
821 4717 937 4771 Esterrsr's
951 4732 960 4770 :
976 4714 1142 4784 inspiratus,
1165 4726 1212 4770 aut
1232 4717 1296 4786 grtia
1316 4718 1384 4773 loate

598 4793 794 4847 innostrornm
813 4803 911 4842 uranus
934 4787 1074 4852 inciderat,
1094 4796 1168 4841 nictu
1184 4791 1280 4843 mortis
1300 4791 1385 4860 inipe-

599 4871 717 4917 ratorem
730 4860 807 4925 adiit,
821 4867 874 4913 ete.

632 4932 689 5002 (55)
701 4931 790 4988 Codex
807 4928 924 4984 Estensis
942 4943 951 4981 :
966 4925 1018 4980 sm
1039 4926 1196 4983 deiecerunt
1211 4946 1225 4983 a
1242 4928 1311 4985 lae-ic
1334 4932 1384 4984 iar-

597 5004 733 5074 peratoris
749 5002 821 5055 sient
834 5001 932 5068 pnlvis,
956 5013 1037 5066 «prtem
1054 4999 1163 5067 projicit
1179 5009 1274 5055 ventris
1288 5017 1303 5054 a
1317 5001 1385 5056 lucie

597 5084 685 5129 terrm.
701 5071 780 5126 Avario
795 5070 901 5124 [lumini
919 5066 1171 5131 ottobonianus
1191 5070 1296 5125 soldani
1313 5075 1384 5126 iilius

598 5145 672 5199 venit
688 5143 796 5196 obviarn
812 5157 874 5196 cnm
896 5139 1016 5196 exercitu
1038 5140 1248 5209 quingentorum
1268 5143 1384 5197 millium

596 5228 742 5284 equinum,
755 5222 783 5266 ot
794 5212 839 5277 ad,
854 5222 906 5266 etc.
1028 5204 1034 5229 ¹

633 5283 791 5355 (hilderico
809 5283 947 5336 hsterrsis:
963 5281 990 5336 ln
1010 5281 1093 5335 hlium
1117 5282 1222 5336 soldani
1237 5292 1296 5353 post
1308 5292 1383 5354 terga

597 5363 762 5426 pugnantem
779 5354 906 5407 victrices
916 5352 1022 5424 aquilas
1033 5353 1164 5424 dirigens,
1181 5354 1307 5422 prodicta
1320 5358 1383 5407 ιιιιι-

597 5429 632 5480 ιιι
644 5424 799 5480 tur-corun
813 5437 839 5478 et
855 5421 1110 5478 'liri-cornannorurn
1138 5426 1343 5488 exterminavit,
1356 5433 1383 5479 et

596 5498 755 5562 exeis,etc.

633 5567 689 5638 (bl)
704 5566 792 5621 Codex
810 5562 928 5622 Eatensis
950 5581 959 5618 :
979 5563 1127 5637 Quousque
1147 5566 1180 5620 ad
1209 5563 1382 5621 Laurendam

595 5639 744 5702 civitatem,
759 5652 819 5706 ‹puae
832 5637 928 5691 dividit
942 5638 1097 5691 hrrvrteniarn
1112 5655 1127 5691 a
1143 5637 1290 5708 Lycaonia,
1307 5646 1333 5690 et
1347 5639 1380 5691 nl

595 5708 732 5763 Araneuiar
748 5717 874 5761 montana
898 5710 1029 5776 pervenit,
1056 5709 1100 5761 ubi
1129 5709 1217 5762 trectis
1232 5709 1383 5762 conticinio

595 5780 752 5834 auditores
770 5778 918 5847 improviso
933 5793 1072 5832 urniorum
1088 5781 1218 5848 strepitus
1230 5790 1257 5832 et
1280 5779 1383 5833 tunnul-

597 5858 641 5904 tus
659 5867 665 5903 :
680 5849 726 5920 qui
744 5864 806 5903 curn
832 5849 924 5902 nullus
945 5848 1050 5914 luisset,
1076 5849 1139 5903 inde
1162 5850 1382 5917 eorrjecturaturn

596 5927 639 5975 est
652 5921 734 5974 vicini
748 5920 893 5989 augurium
917 5918 1070 5974 iniortnrni.
1085 5918 1114 5973 ln
1136 5921 1275 5974 iurantibus
1290 5929 1381 5974 autern

595 5991 731 6046 Armeuiae
743 5988 853 6044 Graecos
866 6000 893 6044 et
906 5990 1039 6045 llrmcnns
1061 5990 1162 6045 irrt'enit
1176 5991 1265 6045 lurum
1281 5992 1381 6045 alacri-

596 6070 638 6116 ter
651 6060 819 6115 exhibentes.
838 6059 905 6114 Cum
920 6061 953 6115 ad
968 6076 1047 6116 aures
1064 6061 1186 6118 Saiadini
1200 6063 1242 6115 bae
1260 6060 1382 6116 victorie

597 6131 795 6202 pervenissent,
824 6133 948 6202 expavit;
973 6142 998 6188 et
1018 6133 1061 6189 die
1090 6130 1380 6189 Sani-tul’entecostes

1439 4035 1514 4080 rator
1527 4041 1534 4078 z
1547 4023 1576 4078 Si
1588 4025 1683 4079 bonrum
1692 4026 1780 4096 [orum
1788 4028 1882 4081 durent
1894 4026 1989 4081 luriunt
2001 4028 2152 4099 acciperent
2163 4043 2227 4083 ur·

1439 4118 1525 4170 cltum.
1534 4116 1680 4172 ooostnurt
1690 4126 1754 4173 sunt
1765 4118 1848 4189 igitur
1856 4118 1988 4174 hincinde
1997 4119 2144 4189 justitiarii
2154 4131 2226 4177 tasa-

1439 4217 1523 4264 tores.
1539 4208 1581 4264 hd
1599 4210 1656 4265 haec
1684 4211 1837 4280 procedens
1860 4208 2036 4268 Christianus
2060 4214 2224 4271 evercitusa

1439 4299 1603 4369 quibusdam
1628 4300 1782 4371 agrestibus
1796 4299 2009 4367 Turrcomarrnis,
2022 4300 2072 4374 qui
2092 4318 2150 4359 non
2165 4309 2226 4361 svm

1438 4391 1472 4446 de
1499 4401 1631 4462 potestate
1660 4393 1783 4456 soldani,
1813 4392 1914 4448 multas
1934 4393 2048 4464 pertulit
2075 4395 2224 4463 molestias,

1436 4502 1580 4557 quousque
1594 4484 1652 4556 (57)
1668 4484 1701 4538 ad
1721 4486 1857 4541 Armenia
1883 4495 2014 4542 montana
2043 4490 2182 4557 pervenit.
2197 4488 2223 4545 ln

1437 4578 1577 4634 rnorrtibus
1589 4588 1680 4634 autern
1702 4577 1838 4633 hrmcnhe
1852 4576 1963 4635 Grecos
1977 4592 2006 4635 et
2030 4579 2172 4639 Armenes
2190 4583 2224 4638 ia
2267 4602 2269 4609 ·

1437 4717 1583 4773 Saiadinns
1596 4731 1658 4772 cum
1672 4696 1871 4772 tanta'suorum
1892 4715 2069 4775 multitudine
2081 4728 2191 4777 montes
2200 4727 2223 4774 et

1436 4791 1521 4847 colles
1537 4797 1565 4843 et
1578 4788 1716 4858 planitiem
1726 4788 1897 4858 operientes,
1918 4796 2021 4858 quianta
2035 4803 2176 4859 rinsonara
2189 4789 2223 4846 si·

1400 4862 1493 4921 Dnvrrl
1512 4860 1633 4915 creditur
1657 4860 1827 4931 apparuisse,
1846 4857 2018 4915 Christianos
2043 4860 2222 4930 potenteria·

1435 4934 1516 4996 vasit,
1528 4945 1641 5001 sperans
1656 4931 1749 4984 orniria
1761 4929 1879 4984 tentoria
1891 4944 2037 5001 usurpare,
2052 4938 2082 4985 et
2091 4928 2223 4988 Christis·

1437 5018 1487 5058 nos
1500 5003 1616 5056 miseros
1637 5002 1786 5071 captivare.
1808 4998 1860 5055 Sed
1875 4999 1988 5055 evanuit
2010 4999 2221 5084 cogitatiosjas,

1436 5075 1499 5144 spuria
1514 5072 1663 5126 Christiani
1691 5072 1805 5126 viriliter
1834 5070 2003 5138 resistentes,
2027 5085 2055 5125 tn
2085 5070 2223 5128 lasiom

1437 5157 1565 5212 magnam
1582 5157 1629 5211 per
1643 5141 1754 5197 balistas
1773 5156 1832 5196 nori
1851 5141 1985 5195 modicam
2000 5139 2223 5213 intuleram*

1435 5214 1501 5270 dens
1517 5214 1608 5281 itaque
1619 5211 1765 5267 Saladirms
1780 5223 1906 5282 magnam
1921 5211 2062 5266 exercitus
2075 5209 2222 5282 partemsl

1436 5285 1617 5339 resistendum
1633 5282 1790 5352 imperaturi
1799 5281 1960 5338 transmisit.
1974 5280 2039 5345 Sed.
2053 5282 2121 5338 beul
2134 5281 2223 5354 pauc'n

1435 5355 1532 5408 diebus
1544 5353 1655 5421 elapsis,
1671 5365 1698 5408 et
1710 5369 1785 5408 mors
1805 5353 1980 5423 imperatoris
1995 5354 2131 5421 innotuit,
2142 5362 2172 5409 ct
2184 5367 2223 5408 ra·

1435 5440 1496 5478 nnn
1508 5424 1702 5492 superveniens
1713 5424 1746 5478 de
1766 5431 1854 5478 morte
1866 5421 1951 5479 Siculi
1976 5424 2052 5494 regis
2074 5424 2221 5480 exerdtuta

1434 5494 1619 5549 Christianum
1648 5495 1795 5563 plurimum
1810 5493 1995 5548 conturbavit.
2021 5492 2062 5550 lle
2084 5490 2222 5551 monam

1435 5563 1581 5635 imperator
1595 5565 1773 5631 descendens,
1790 5564 1908 5637 Salepby
1918 5563 2033 5619 flurium
2046 5571 2164 5637 reperit,
2179 5576 2222 5635 per

1434 5638 1513 5705 cujus
1529 5636 1613 5704 ripam
1631 5636 1740 5691 duobus
1761 5636 1858 5693 diebus
1877 5648 2053 5708 progressos,
2070 5636 2156 5693 tertia
2168 5634 2221 5691 last

1434 5707 1560 5776 pausavit
1572 5708 1599 5761 in
1613 5707 1681 5762 locis
1695 5708 1822 5762 aristenis.

1545 5798 1582 5852 lle
1596 5811 1679 5855 arorte
1693 5801 1860 5872 irnperotoris
1878 5799 2015 5855 frederici
2028 5801 2127 5872 print.

1469 5914 1575 5970 Etcum
1592 5927 1664 5971 esset
1677 5925 1761 5973 aestus
1772 5930 1888 5985 magnus
1902 5915 1992 5984 valde,
2008 5912 2220 5986 impoeatoedt·

1433 5989 1539 6043 scendit
1552 5990 1578 6041 in
1596 5987 1695 6043 humen
1708 6003 1770 6042 cum
1785 5986 1894 6043 duobus
1905 5987 2052 6052 militibus,
2066 6001 2100 6044 stt
2112 5983 2218 6059 capiat

1435 6059 1575 6113 balneare.
1601 6059 1725 6129 Cumque
1747 6069 1851 6113 natare.
1869 6058 1998 6130 coepisset
2025 6054 2217 6139 impingessia
2267 6090 2269 6119 ,

1434 6131 1577 6201 scopulum
1593 6138 1712 6185 navarrae
1733 6128 1973 6186 ottoboniano
1992 6127 2217 6202 mitittbusigittt
2266 6158 2269 6177 ι
