5125 7059
589 723 645 781 963
1206 719 1363 777 indutui
1383 716 1518 776 secuti
1536 716 1594 773 xit.
2168 712 2216 767 did

593 844 658 894 ilium
671 836 759 894 eidem
775 838 876 892 aemulo
890 852 940 892 suo
964 847 1052 893 metro
1066 844 1093 893 et
1119 835 1178 905 ipse
1196 833 1376 905 respondens,
1393 847 1413 895 A
1430 831 1591 903 imperitiam
1607 827 1726 900 quidem.
1750 832 1908 881 nouantem
1923 824 2048 881 studium
2071 824 2217 896 repreben-

588 932 656 986 nilril
671 946 733 985 eum
750 931 784 986 de
798 930 948 999 apostolica
963 930 1105 1000 dignitate,
1121 937 1219 998 praeter
1236 927 1316 981 inane
1328 940 1377 979 vo-
1429 922 1506 984 dant,
1523 921 1660 991 simulque
1670 919 1853 980 considerent,
1870 917 1934 987 rpuia
1957 918 2004 971 ubi
2024 917 2123 972 nullos
2134 925 2219 986 potest

588 1024 730 1086 eubulum,
754 1030 910 1078 assecutum
927 1030 1050 1093 patenter
1073 1020 1203 1076 ostendit.
1223 1017 1277 1072 Sed
1292 1015 1377 1088 siqui
1431 1030 1492 1072 esse
1507 1013 1571 1069 boni
1585 1013 1675 1084 operis
1691 1012 1807 1074 lrrrctus.
1824 1009 1923 1066 suflicit
1941 1011 2020 1067 solus
2033 1009 2116 1065 borrae
2127 1010 2219 1064 rolun·

590 1115 739 1188 aliquando
752 1129 795 1177 ea,
811 1130 872 1185 qrrae
890 1130 905 1168 a
919 1115 998 1169 nobis
1011 1111 1113 1183 scripta
1129 1119 1204 1176 sunt,
1217 1109 1376 1181 reprobant,
1430 1108 1495 1162 tatis
1509 1105 1632 1160 affectus.

1175 1480 1409 1575 INCIPIT
1447 1479 1648 1569 Llunu.

629 1842 694 1899 Cin.
716 1839 737 1895 l.
756 1833 1049 1906 Telesphorus'papa
1064 1829 1110 1886 illl
1131 1829 1177 1902 nui
1200 1829 1280 1885 beato
1297 1827 1384 1892 Sixto,
1427 1855 1438 1875 ο
1471 1823 1536 1880 Can.
1554 1820 1802 1893 VIIIaeoEagnus
1814 1823 1846 1889 ¹⁵,
1858 1823 2040 1894 apostolicus,
2059 1828 2223 1888 declament

595 1934 701 2002 dequo
723 1928 839 1984 subinde
860 1926 994 1989 dlecmus,
1009 1922 1038 1977 in
1065 1921 1223 1992 pontificatu
1239 1917 1386 1981 successit,
1435 1914 1562 1986 egregius
1587 1911 1655 1978 luit,
1682 1912 1730 1983 qui
1755 1913 1839 1968 rerlro
1861 1921 1888 1970 et
1910 1916 2039 1988 exemplo
2064 1917 2223 1976 chelseiam

598 2025 699 2080 missas
716 2022 742 2075 in
758 2017 939 2077 sanctissime
961 2013 1108 2070 Ilonrinicae
1126 2009 1283 2066 NativitatIs
1307 2017 1387 2064 nocte
1435 1995 1562 2078 religioni
1577 2003 1724 2075 plurimum
1744 2004 1858 2075 proluit.
1873 2003 1960 2061 Porro
1975 2022 2142 2065 sermonum
2156 2013 2223 2067 illim

597 2105 900 2174 constituitcelebrari,
914 2115 941 2161 et
957 2105 984 2160 in
1005 2112 1126 2173 tempore
1150 2099 1278 2158 sacrificii
1293 2096 1386 2153 Gloria
1402 2139 1422 2193 B
1438 2099 1559 2154 incertus
1575 2105 1619 2154 cst
1640 2111 1788 2165 numerus;
1803 2112 1919 2168 quorum
1943 2107 2038 2156 tamen
2049 2101 2088 2157 de
2101 2102 2223 2157 Apum„

597 2208 624 2259 in
638 2204 748 2260 excelsis
758 2201 823 2265 treo,
834 2197 985 2254 decantari.
998 2194 1047 2250 llic
1059 2195 1111 2250 sub
1121 2192 1243 2248 Adriano
1252 2190 1386 2261 principe,
1437 2188 1556 2254 llominI,
1571 2189 1604 2244 de
1625 2187 1784 2256 Nativitate,
1799 2189 1834 2245 de
1850 2190 2041 2262 Apparitione,
2058 2192 2096 2250 de
2108 2193 2223 2264 ieiunio.

596 2297 827 2368 quemadmodum
852 2290 1070 2360 praedecessores
1096 2285 1139 2340 sui
1162 2282 1336 2346 Alexander,
1360 2289 1388 2335 et
1436 2279 1619 2344 dePnssione.
1630 2278 1665 2336 de
1676 2288 1772 2337 sancta
1783 2279 1943 2339 Pentecoste
1957 2282 2224 2355 plnrimihapenwf,

599 2392 705 2449 b'iatus,
728 2384 823 2440 Nrrnas
837 2380 962 2436 tannarii
978 2377 1109 2448 martyrio
1132 2375 1234 2442 meruit
1248 2373 1387 2428 coronari.
1437 2371 1467 2429 ln
1483 2381 1641 2429 sanctorum
1661 2387 1770 2444 quoque
1789 2375 1922 2431 natalitiis
1944 2375 2075 2432 nonnulli
2090 2376 2176 2433 babiti
2190 2379 2228 2432 in.

633 2480 699 2535 Cen.
722 2475 755 2531 ll.
779 2474 905 2529 Gelasius
928 2485 998 2542 papa
1012 2473 1024 2505 ⁰
1039 2471 1067 2523 in
1082 2467 1179 2523 diebus
1201 2465 1320 2532 Leonis,
1340 2465 1388 2534 qui
1437 2465 1637 2523 veniuntur.Et
1648 2466 1692 2521 bic
1705 2468 1892 2537 augmentavit
1905 2467 1934 2523 in
1949 2465 2083 2525 canone:
2096 2468 2227 2539 sappum

598 2576 739 2632 biarciano
751 2570 874 2628 succedit
891 2569 919 2622 in
933 2580 1059 2636 regnum,
1074 2562 1225 2617 Reimanam
1238 2559 1388 2615 Ecclesiam
1439 2573 1463 2619 te
1486 2579 1608 2634 reponens
1630 2563 1794 2632 omnipotens
1813 2561 1895 2628 nese,
1917 2573 1945 2620 et
1964 2573 2080 2630 cetera,
2103 2580 2166 2635 quse
2185 2581 2227 2622 ee.

600 2669 730 2727 nobiliter
744 2665 825 2726 rexit,
842 2665 889 2733 qui
910 2667 943 2714 art
960 2659 1104 2714 utilitatem
1128 2655 1257 2710 Ecclesiae
1279 2654 1389 2710 decreta
1438 2657 1730 2731 quunturexordinc.
1748 2657 1799 2712 liic
1819 2673 1846 2712 rr
1863 2655 1923 2715 Iial.
1937 2655 2004 2714 tutti
2022 2659 2080 2715 sub
2094 2657 2229 2716 AiarcIano

601 2763 686 2816 multa
699 2754 857 2815 constituit.
877 2752 964 2806 multa
980 2748 1083 2804 utiliter
1104 2746 1226 2816 scripsit.
1238 2745 1292 2812 Qui
1307 2746 1388 2801 etiam
1438 2753 1561 2826 principe
1574 2751 1671 2821 plenius
1685 2751 1831 2806 sanctitate
1842 2750 1945 2820 quierit
1965 2749 1994 2806 in
2007 2766 2090 2823 paee.

600 2851 634 2905 arl
650 2851 751 2905 missas
774 2843 953 2900 dicendarum
974 2839 1086 2895 modum
1106 2844 1135 2893 et
1155 2850 1299 2892 numerum
1314 2835 1392 2890 iusti·
1474 2843 1541 2898 cn»,
1560 2839 1627 2897 vlu,
1645 2839 1794 2911 crepemus
1815 2839 1930 2912 “²8⁰¹ss
1951 2841 1985 2908 rr,
2009 2846 2058 2914 qui
2074 2852 2104 2902 ep
2117 2846 2229 2919 primus·

601 2945 653 2998 tuit
667 2940 868 3012 praelationum.
884 2934 973 3004 liiijus
983 2929 1119 3003 pontilicis
1134 2929 1304 3000 temporibus
1321 2928 1391 2984 liber
1438 2949 1472 2990 ιχ
1483 2933 1582 2990 illusere
1596 2940 1754 2988 meorum
1769 2933 1896 3003 prosapia
1910 2933 2061 3001 oriundus,
2077 2937 2230 3009 disciplinis

603 3034 721 3090 Ilissalis
733 3029 929 3088 conscribitur,
942 3025 988 3096 qui
1009 3031 1036 3079 et
1050 3020 1212 3078 Gelasianus
1227 3022 1389 3091 appellatur.
1438 3020 1598 3077 liberalibus
1615 3033 1630 3075 a
1654 3034 1739 3090 puero
1758 3019 1914 3085 institutus.
1933 3019 2068 3079 Ilouranae
2083 3027 2161 3084 seui.
2178 3026 2230 3096 jam

636 3129 701 3185 Cae.
715 3124 760 3181 lll.
775 3122 903 3178 Zosimus
917 3121 927 3151 ¹
942 3132 1012 3189 papa
1034 3115 1154 3171 instituit
1166 3113 1388 3171 benedictionem
1440 3121 1505 3167 tunc
1524 3111 1730 3182 apocrisiarius.
1747 3110 1854 3181 positus
1869 3109 2127 3185 Constantinopoli,
2138 3126 2230 3189 rogatu

601 3220 685 3284 cerei,
702 3218 750 3290 qui
770 3217 799 3271 ln
816 3213 936 3270 Sabbato
952 3217 1049 3267 saneto
1064 3207 1189 3263 benedici
1210 3207 1280 3263 solet
1299 3206 1390 3262 adia·
1440 3200 1557 3258 Leandri
1571 3200 1740 3272 Hispalensis
1750 3201 1882 3273 episcopi,
1893 3203 1979 3261 libros
1989 3204 2141 3263 Iloralium
2153 3223 2230 3264 axan

602 3326 684 3375 enno,
700 3309 781 3379 cujus
800 3302 1000 3360 benedictionis
1016 3297 1174 3368 hujusmodi
1192 3304 1235 3353 est
1256 3296 1365 3352 initium
1381 3311 1389 3348 a
1441 3293 1563 3364 scripsit,
1577 3308 1648 3363 qnos
1662 3293 1690 3347 iu
1702 3301 1806 3363 septem
1821 3301 1913 3364 partes
1930 3294 2038 3355 divisis,
2060 3296 2158 3354 pem
2172 3315 2231 3354 „m

603 3401 725 3457 Exaudiet
739 3401 793 3465 inm
807 3396 926 3467 arrpelr'cn
942 3392 1019 3446 turin
1030 3391 1165 3446 seriorum.
1442 3393 1538 3440 exorta
1551 3384 1707 3454 pestilentia
1721 3383 1780 3454 Ipse
1802 3383 1892 3441 adnue
1914 3386 2133 3446 archidiaconus
2152 3393 2231 3461 septi·

637 3492 704 3548 cm.
722 3489 766 3546 til.
781 3488 874 3542 Sirtus
888 3485 900 3515 ⁸
914 3483 1070 3552 episcopus.
1082 3479 1131 3550 qui
1144 3479 1223 3533 beato
1235 3476 1390 3532 Alexandro
1403 3503 1426 3564 c
1441 3475 1554 3530 formem
1580 3473 1712 3529 litaniam
1736 3473 1872 3540 instituit,
1898 3489 1931 3530 ac
1953 3479 2136 3547 postmodum
2156 3483 2231 3537 deee-

602 3583 691 3654 primo
704 3579 798 3634 Rome
819 3573 954 3632 successit
970 3572 998 3625 in
1014 3570 1184 3640 pontificatu,
1200 3566 1271 3622 iulra
1292 3565 1391 3623 missa·
1441 3568 1522 3623 dente
1538 3564 1666 3638 Pelagio,
1680 3565 1834 3622 llomurum
1855 3567 2046 3637 pontificatum
2069 3571 2174 3629 inritus
2187 3575 2231 3628 oi·

604 3689 664 3728 rum
686 3670 818 3727 solemnia
836 3667 961 3726 Sanctus,
977 3671 1095 3724 sanctus,
1119 3669 1237 3724 sanctur,
1250 3657 1391 3714 decantari
1442 3659 1533 3714 tinuit.
1555 3657 1606 3712 ilic
1625 3657 1734 3729 Agiluld
1755 3661 1924 3730 temporibus
1946 3662 2090 3734 diniogum
2113 3667 2229 3738 scripsit,

604 3762 734 3826 instituit,
750 3761 798 3832 qui
813 3768 840 3816 et
855 3760 913 3829 ipse
936 3754 987 3811 sub
1001 3752 1122 3806 Adriano
1141 3751 1307 3821 imperatore
1320 3747 1390 3816 llll,
1441 3765 1504 3807 eom
1518 3751 1618 3822 reginae
1629 3749 1822 3807 Tbeodelindae
1832 3766 1883 3824 pro
1894 3768 2008 3811 munere
2020 3758 2164 3825 promisit,
2180 3757 2230 3814 114

604 3855 668 3910 ldus
682 3853 785 3924 Aprilis
796 3850 929 3920 martyrio
940 3842 1069 3900 coronari
1083 3842 1244 3912 promeruit.
1442 3844 1537 3899 melias
1551 3843 1730 3914 quadraginta
1742 3843 1825 3899 etiam
1839 3844 1960 3911 dictavit,
1977 3853 2005 3901 et
2018 3847 2050 3902 in
2064 3847 2230 3904 &ephrem

640 3944 705 4000 Cre.
723 3940 757 3999 V.
770 3940 896 3997 Cleruens
911 3931 1122 3990 'Alexandrinae
1134 3930 1262 3986 Ecclesiae
1279 3930 1392 4002 presby·

604 4044 657 4100 ter,
673 4041 824 4106 praeceptor
834 4030 972 4101 Origenis,
990 4027 1037 4081 diu
1050 4026 1077 4079 in
1088 4021 1254 4078 Alexandria
1270 4021 1392 4077 scholam

605 4129 703 4185 tenuit.
715 4127 782 4180 'Iam
797 4124 889 4178 diviua
909 4134 991 4192 quam
1012 4115 1137 4173 saeculari
1152 4113 1267 4170 scientia
1282 4114 1391 4169 claruit.

606 4217 744 4290 tlpuscula
766 4214 897 4270 nonnulla
920 4210 1059 4266 lucnlento
1080 4220 1207 4263 sermone
1227 4205 1392 4276 composuit.

607 4310 703 4365 Exstat
717 4309 790 4363 illius
807 4307 841 4361 de
855 4303 960 4358 Pascba
978 4302 1047 4356 liber
1061 4313 1144 4362 unus,
1163 4297 1197 4352 de
1210 4296 1320 4367 lejunio
1334 4296 1394 4350 dia·

608 4403 687 4472 lngus
705 4416 787 4463 unus,
799 4398 833 4453 de
847 4395 983 4451 Salsando
995 4394 1079 4448 divite
1093 4406 1181 4455 uuus,
1199 4390 1233 4446 de
1251 4387 1394 4445 Obtrecta-

1442 3943 1577 3992 tractatus
1600 3937 1696 4008 uiginti
1719 3936 1891 4008 composuit,
1916 3939 2036 4010 aeujus
2059 3943 2229 4013 expositione

1443 4030 1537 4085 audito
1549 4028 1658 4101 Agilulil
1673 4030 1746 4101 regis
1759 4029 1877 4086 adventu
1890 4032 2018 4089 cessarit.
2031 4031 2150 4091 Librum
2165 4053 2229 4108 qno·

1443 4137 1497 4192 que
1508 4136 1581 4176 cure
1592 4121 1737 4192 pastoralis
1749 4119 1783 4174 ad
1797 4119 1929 4178 Ioannem
1941 4124 2106 4196 episcopum
2122 4131 2230 4192 scribit,

1443 4223 1469 4269 et
1484 4215 1582 4270 librum
1600 4215 1694 4278 alium,
1709 4229 1790 4285 rpuem
1801 4213 1895 4271 Elores
1908 4217 2041 4286 appellari
2057 4223 2229 4293 complacuit.

1445 4306 1547 4363 Scribit
1567 4314 1595 4362 et
1619 4306 1718 4362 librum
1740 4305 1959 4377 Responsionum
1984 4309 2021 4365 ad
2047 4313 2229 4385 Angustinnn

1443 4401 1593 4472 Anglorum
1607 4401 1777 4472 episcopum.
1796 4400 1907 4458 Librum
1930 4417 2042 4474 rpuorpue
2060 4403 2231 4477 synodorum

607 4493 683 4546 tione
698 4505 779 4551 unus,
793 4487 827 4542 de
837 4485 995 4541 Curionibus
1007 4499 1088 4547 unus,
1101 4490 1194 4537 contra
1205 4489 1301 4550 geistes
1311 4495 1392 4543 unus.

609 4592 706 4639 contra
718 4597 766 4637 eos
791 4580 838 4650 qui
849 4577 1007 4632 ludaeorum
1020 4581 1179 4631 scrutantur
1192 4587 1300 4628 errores
1312 4587 1392 4627 unus.

1444 4494 1596 4565 composuit
1611 4508 1673 4549 cum
1685 4492 1806 4562 episopis
1816 4489 1900 4548 ltaliae
1916 4492 1950 4549 de
1963 4497 2136 4552 necessariis
2148 4498 2232 4553 eaesis

1445 4583 1584 4641 Ecclesia.
1604 4583 1663 4637 Alia
1682 4596 1748 4638 vero
1765 4582 1897 4654 opuscula
1915 4583 2062 4652 nonnulla,
2083 4602 2148 4658 quae
2166 4588 2230 4646 sori-

610 4672 684 4728 utrm
698 4680 789 4726 autem
811 4667 976 4724 eruditionis
989 4674 1017 4721 et
1031 4663 1192 4734 eloquentiae
1211 4662 1272 4717 luit.
1287 4659 1395 4717 Oratio·
1445 4677 1517 4748 9311,
1536 4690 1593 4731 „011
1619 4674 1765 4739 habemur,
1785 4675 1895 4744 quando
1914 4675 2081 4732 amplorum
2101 4680 2232 4736 emm.

608 4781 671 4820 nem
685 4765 759 4818 illam
774 4761 936 4822 sacerdotis.
951 4772 1033 4829 quam
1047 4754 1180 4810 canonem
1193 4754 1321 4820 dicimus,
1337 4755 1395 4825 ipse
1446 4777 1538 4824 ,ωηο
1550 4765 1652 4821 invidia
1666 4765 1700 4821 de
1716 4764 1806 4820 medin
1820 4764 1928 4822 sublata
1944 4765 2031 4822 ipim
2046 4769 2230 4838 perhibeam,

609 4856 774 4924 composuit,
790 4868 850 4925 quae
864 4860 892 4908 et
913 4850 949 4905 ab
968 4849 1043 4904 omni
1067 4846 1189 4901 Ecclesia
1208 4846 1277 4900 tanti
1292 4854 1334 4901 est
1347 4847 1396 4900 ba·
1410 4839 1432 4894 D
1447 4858 1496 4913 1150
1510 4858 1586 4921 illud,
1602 4857 1675 4929 (1,,οᾱ
1690 4857 1718 4911 jn
1740 4871 1845 4912 cainone
1865 4856 1985 4912 dictem:
2000 4856 2121 4932 nem
2134 4874 2231 4918 mm,

609 4945 682 5009 bita,
695 4952 726 4998 ut
740 4944 768 4997 ln
784 4941 990 4998 consceratmne
1003 4937 1127 5008 corporis
1143 4936 1250 4991 Domini
1263 4946 1395 5008 perpetuo
1446 4952 1475 5006 επ
1487 4960 1533 5004 m
1550 4964 1614 5018 pm
1625 4949 1764 5018 diepam,
1776 4946 1921 5004 dicendum
1932 4949 2075 5018 apposnit,
2089 4961 2119 5006 pe
2132 4950 2234 5009 onere.

607 5039 686 5105 jussa
705 5037 741 5091 sit
762 5034 883 5090 recitari.
905 5032 1026 5087 liabetur
1040 5038 1131 5084 autem
1146 5029 1238 5085 clarus
1259 5028 1353 5088 Severi
1367 5040 1396 5088 et
1447 5057 1508 5098 „em
1524 5041 1694 5097 homininum
1710 5040 1744 5095 aa
1755 5039 1867 5095 missam
1878 5040 1987 5096 recturi
1998 5043 2162 5110 connitum,
2173 5059 2232 5101 m

611 5130 657 5183 srlii
672 5129 732 5199 ejus
744 5127 874 5181 Antonini
888 5124 1067 5195 tenmoribus.
1448 5150 1546 5206 gruum
1572 5134 1737 5196 arbitratus.
1759 5141 1790 5187 ut
1814 5132 1843 5188 in
1866 5133 2079 5192 consecratione
2102 5133 2232 5193 ὓωιιὶα

646 5221 711 5277 Cae.
727 5218 771 5274 l'l.
786 5217 940 5273 Alexander
955 5218 975 5248 ¹·
987 5216 1103 5286 primus.
1117 5214 1229 5270 natione
1241 5212 1393 5281 Romanus.
1446 5226 1570 5298 eorporis
1584 5240 1647 5280 curn
1672 5227 1798 5281 oratione
1817 5225 1937 5281 bominis
1960 5225 2119 5284 sacerdotis
2132 5229 2232 5285 dicatur

611 5329 644 5369 er
662 5324 739 5383 patre
751 5312 906 5366 Alexandro
923 5309 958 5365 de
972 5311 1082 5380 regione
1094 5310 1115 5340 ¹¹
1130 5308 1289 5380 Capurtami
1302 5311 1397 5365 oriun·
1446 5328 1473 5375 er
1486 5319 1574 5373 oresio
1590 5317 1638 5374 bei
1661 5327 1689 5374 et
1710 5320 1829 5376 nominis
1854 5318 2014 5375 Salvatorie.
2031 5317 2114 5386 Quod
2130 5321 2232 5393 quide·

611 5406 665 5462 dus
686 5407 841 5477 passIonem
866 5404 974 5461 Domini
995 5404 1105 5457 miscuit
1126 5402 1152 5457 in
1168 5404 1325 5473 precatione
1338 5420 1398 5474 pre·
1447 5410 1564 5480 populus
1580 5417 1674 5479 utpote
1693 5424 1793 5465 norum
1813 5417 1841 5466 et
1861 5409 2001 5464 insolitum
2015 5410 2149 5476 audiens.
2170 5426 2233 5484 agre

539 5496 542 5503 '
612 5499 726 5571 sbyteri,
741 5513 803 5552 cum
815 5498 905 5554 missar
918 5497 1019 5552 debent
1033 5496 1177 5552 celebrari.
1194 5494 1272 5553 Unde
1284 5497 1398 5552 babetur
1448 5497 1529 5562 tulit;
1550 5496 1594 5552 cui
1610 5497 1736 5566 protinus
1758 5497 1855 5552 beatus
1868 5497 1989 5569 pontifex
2004 5498 2105 5556 humili
2124 5517 2231 5574 respon·

613 5593 641 5645 in
658 5591 770 5646 canone
786 5609 793 5646 z
810 5591 897 5656 Quom
915 5590 1074 5644 otiosiorem
1090 5598 1119 5643 ts
1137 5589 1224 5656 licor,
1239 5597 1340 5660 etque
1353 5605 1397 5646 se·
1449 5588 1527 5643 sione
1541 5587 1694 5653 satisfecit;
1707 5588 1730 5644 si
1747 5587 1861 5643 dicenda
1876 5594 1929 5653 est,
1943 5587 2084 5660 iuquiens,
2100 5592 2131 5648 in
2141 5607 2232 5648 eonse-

613 5689 736 5753 uuuntur
756 5697 791 5736 ex
817 5682 922 5738 ordine.
947 5681 997 5736 llic
1020 5682 1117 5752 quinto
1141 5680 1233 5737 Nonas
1259 5682 1322 5737 llaii
1345 5682 1397 5739 sub
1450 5683 1572 5738 eratione
1598 5683 1723 5753 corporis
1750 5681 1852 5738 Cbristi
1877 5681 1981 5746 oratio,
2010 5698 2098 5754 quam
2128 5687 2231 5758 qnidam

614 5771 734 5826 Adriano
747 5773 871 5842 principe
884 5788 946 5827 cum
961 5772 1085 5838 Eventio,
1102 5783 1128 5829 et
1142 5772 1281 5829 'Ibeodoln
1294 5782 1396 5844 marty·
1449 5772 1631 5828 scholasticus
1659 5772 1778 5828 humano
1802 5787 1884 5829 sensu
1908 5780 1936 5827 et
1959 5771 2044 5829 bomo
2063 5777 2231 5848 composuit.

615 5864 685 5916 rium
702 5877 810 5931 passus,
827 5865 951 5933 migrauit
966 5865 1000 5919 ad
1012 5864 1106 5919 coelos.

1449 5867 1551 5932 quanto
1562 5861 1648 5932 magis
1661 5861 1717 5925 illa,
1732 5874 1813 5931 nutam
1832 5857 1880 5915 net
1899 5867 1926 5915 et
1940 5859 2086 5918 bominum
2107 5863 2232 5919 mediator

618 6069 909 6191 .s⁸5inii',chri⁵m⁸‘
948 6067 1035 6124 ’Μ’
1073 6069 1156 6125 ’ω’
1195 6068 1280 6124 ⁸¹¹⁷·
1320 6069 1404 6124 ⁹¹⁹²·
1444 6067 1543 6124 ⁰¹⁰⁸·
1582 6066 1601 6097 ¹¹
1625 6063 1873 6136 uACaput‘lauri.
1916 6066 1938 6098 ⁸¹
1963 6062 2229 6126 anriocnristtttl.
