5125 7059
617 690 672 749 335
1148 690 1284 749 Sicano!
1302 692 1548 752 cnouotlsdsts
1565 695 1720 754 eetscoet
2188 689 2239 748 ⁸3⁶

615 819 644 866 et
656 807 790 880 peregrini
801 808 939 864 civitatem
954 803 1121 862 unanimiter
1129 805 1404 879 aggrediunturmni·
1416 818 1440 878 Δ
1453 811 1571 881 perium,
1587 810 1692 868 scilieet
1712 809 1815 878 datori,
1831 825 1848 866 a
1866 807 1973 868 civibus
1994 805 2104 867 lseillus
2120 805 2237 879 eligitur.

614 906 721 957 versam
737 900 875 972 regionem
891 899 918 955 in
932 899 1050 956 circuitu
1059 897 1271 970 depopulantur,
1285 908 1314 956 et
1327 898 1403 956 Mur·
1454 899 1509 958 seo
1523 904 1649 960 veniente
1659 906 1731 971 luce,
1743 918 1759 958 a
1776 902 1880 960 Latinis
1889 903 2039 960 lilaelrerna
2049 910 2078 956 et
2092 899 2239 956 buccaleo-

613 992 724 1050 sullimn
738 993 857 1064 quadam
867 991 923 1059 die,
936 991 1003 1048 dum
1015 989 1044 1046 in
1054 991 1210 1048 nemorosis
1223 990 1321 1048 lateret
1334 989 1403 1048 insi·
1452 1007 1519 1051 auru
1532 993 1633 1066 palatia
1645 1007 1826 1066 occupantur.
1841 995 1932 1063 Quare
1951 994 2069 1065 plurima
2083 991 2237 1048 Graecorum

612 1085 677 1148 diis.
693 1084 822 1155 ellugant,
834 1081 947 1140 tratrem
969 1082 1042 1155 eius,
1053 1090 1083 1141 et
1096 1082 1238 1151 vexillum,
1249 1094 1278 1142 et
1292 1083 1401 1141 iconam
1451 1095 1544 1159 strage
1571 1088 1634 1145 data
1662 1089 1833 1156 multorum,
1864 1105 1931 1161 pens
1956 1087 2120 1145 Latinorum
2145 1083 2237 1139 urben

612 1177 715 1248 regiam
730 1178 878 1247 capientes.
1369 1236 1373 1244 ,
1451 1179 1708 1238 Constantinianam
1730 1180 1758 1236 in
1778 1195 1874 1238 mense
1894 1179 1980 1251 Aprili
2003 1177 2153 1234 victoriose
2171 1173 2239 1230 obti-

724 1269 901 1324 drldrmtvrret
915 1269 971 1326 lroeo
989 1270 1045 1326 olio
1057 1271 1086 1326 r'o
1104 1267 1294 1326 adhereret.
1315 1278 1318 1283 '
1452 1272 1522 1328 nuit.
1531 1270 1572 1328 hu
1579 1272 1762 1329 baecbarones
1772 1269 2090 1338 Baldulrrum,Tlandriae
2099 1266 2238 1332 comitem,

646 1359 763 1415 licoolra
774 1359 808 1415 de
824 1359 884 1417 suis
895 1359 982 1417 Graeci
996 1360 1104 1417 viribus
1123 1368 1334 1432 praesumentes,
1348 1360 1402 1418 lin-
1451 1364 1643 1435 imperatorem
1665 1364 1820 1422 diademate
1840 1372 2017 1428 coronarunt,
2041 1361 2117 1419 rotis
2142 1371 2239 1417 conre-

611 1466 671 1521 guae
690 1450 782 1520 potius
791 1450 965 1507 contumeliis
981 1452 1089 1508 armati
1099 1467 1181 1524 quarn
1193 1450 1309 1509 audacia
1324 1454 1402 1511 cordi
1451 1457 1591 1515 aientibus
1612 1458 1755 1529 imperium
1779 1457 1935 1514 sortientes.
1956 1454 2023 1510 llam
2038 1463 2140 1525 quar-ta
2160 1450 2239 1509 cessit

611 1541 751 1616 [cordlsi],
763 1543 903 1600 rebellant.
912 1542 1014 1601 Eodem
1024 1559 1150 1601 annones
1158 1544 1400 1602 hvmeuiaehntlo·
1451 1550 1635 1620 imperatoria
1656 1550 1804 1620 majestati,
1822 1551 1905 1605 trium
1925 1558 2087 1619 quartarum
2108 1546 2237 1603 medietas

610 1633 701 1689 chiam
714 1634 831 1703 obsedit,
843 1649 869 1692 er
880 1636 1015 1692 liceteam
1030 1651 1094 1692 eum
1106 1635 1231 1692 exercitu
1242 1637 1398 1704 introierit,
1450 1643 1534 1701 cessit
1551 1642 1669 1709 veneris,
1685 1653 1712 1698 er
1729 1653 1826 1698 eastern
1846 1641 2009 1713 peregrinis.
2030 1637 2156 1694 llarcbio
2175 1652 2238 1692 sero

609 1733 771 1780 nontamen
793 1724 922 1783 obtinuit.
938 1725 1041 1784 Eodem
1060 1729 1135 1783 anno
1148 1728 1278 1801 magister
1302 1727 1400 1785 Petrus
1450 1735 1608 1793 Borrilacius
1626 1735 1746 1792 obtinuit
1763 1732 1998 1791 Thessalonicam.
2014 1730 2177 1787 hlursudius
2190 1745 2237 1784 au·

608 1817 929 1890 cardinalisapostolieae
941 1820 1015 1878 sedis
1031 1821 1138 1893 legatus
1153 1820 1225 1892 apud
1240 1820 1401 1878 ..aflilioiae
1452 1838 1505 1885 tern
1531 1828 1658 1885 hierium
1675 1837 1820 1899 tyrannum
1843 1824 1949 1892 adiens,
1972 1834 1998 1881 et
2024 1822 2172 1880 intendens
2190 1821 2237 1876 ali·

609 1911 788 1982 municipium
815 1913 935 1969 drmeno
958 1913 1111 1982 catholico,
1130 1923 1158 1970 et
1187 1929 1235 1970 xrv
1262 1915 1401 1984 episcopis
1450 1935 1521 1991 qnos
1537 1917 1682 1984 seducere,
1702 1919 1805 1973 lumine
1823 1916 1959 1987 privatus,
1974 1913 2142 1984 rediensque
2155 1913 2182 1968 in
2194 1928 2238 1966 ur·

609 2004 706 2059 mitras
724 2014 752 2061 et
764 2005 904 2073 baculum,
921 2022 965 2062 mc
987 2016 1132 2080 prasente,
1154 2006 1341 2077 inpraesentia
1355 2022 1400 2062 rc·
1451 2013 1511 2067 hem
1524 2027 1539 2066 a
1553 2010 1659 2068 Latinis
1679 2011 1786 2067 veniam
1806 2008 1969 2081 impetravit.
1991 2005 2045 2063 Sed
2064 2020 2165 2062 rursus
2176 2019 2236 2061 eum

607 2095 651 2166 gis
662 2095 775 2152 hrvueni
788 2097 885 2154 tribuit
903 2100 1077 2169 pastoralem,
1093 2098 1232 2170 recipiens
1246 2098 1282 2153 ab
1299 2113 1333 2153 eo
1348 2099 1398 2154 dc·
1451 2103 1615 2174 proditionis
1632 2105 1774 2159 moliretur
1795 2102 1920 2169 insidias,
1940 2101 1974 2156 ds
1994 2100 2135 2156 Columna
2156 2096 2236 2153 Tauri

606 2186 693 2243 bitam
705 2186 814 2246 Sanctse
827 2188 957 2247 llomanae
969 2191 1096 2249 Ecclesiae
1107 2191 1275 2247 ddelitatem.
1416 2195 1633 2272 „praecipitatus
1645 2204 1696 2251 est.
1712 2197 1803 2252 Astari
1816 2210 1928 2266 quoquo
1942 2204 2018 2250 trans
2032 2191 2235 2264 Hellespontum

642 2284 724 2338 Anno
740 2283 848 2339 Domini
864 2284 945 2351 lidi,
961 2283 1120 2340 Graecorum
1142 2284 1235 2340 verbis
1256 2293 1398 2340 contumc·
1449 2289 1553 2358 lupata,
1568 2286 1658 2347 Latini
1679 2288 1795 2342 victores
1814 2286 1872 2342 lere
1890 2294 1974 2340 totam
1994 2281 2157 2339 Graecorum
2180 2295 2236 2334 mo·

606 2373 695 2441 lirsis,
707 2383 735 2431 et
748 2376 876 2446 superbia
889 2376 1119 2444 increbrescente,
1139 2374 1232 2432 Veneti
1246 2377 1280 2432 ad
1295 2375 1398 2432 bellum
1447 2379 1590 2436 vrarchiam
1611 2379 1779 2437 obtinebant.
1798 2376 1899 2435 Eodem
1923 2393 1996 2432 anno
2016 2373 2106 2432 Graeci
2128 2385 2236 2444 qunque

606 2481 669 2524 turu
685 2467 835 2524 baronibus
850 2468 1041 2540 accinguntur,
1055 2476 1083 2524 et
1094 2468 1188 2524 urbem
1203 2469 1325 2540 aggressi
1337 2469 1397 2523 salo
1446 2472 1568 2540 excitati,
1582 2472 1688 2528 Latinis
1703 2472 1836 2544 expulsis,
1853 2487 1884 2529 se
1895 2471 1924 2527 in
1938 2468 2150 2540 lindrinopolim
2164 2479 2236 2525 reco-

606 2562 721 2630 soloqus
739 2561 840 2616 viritim
864 2572 1030 2629 excertant3
1048 2561 1195 2626 machinis,
1210 2561 1272 2616 telis
1292 2569 1320 2617 et
1341 2562 1397 2632 spi·
1446 2574 1555 2638 pssunt.
2249 2570 2254 2582 '

605 2653 677 2708 culis
692 2666 708 2706 a
724 2651 827 2710 Graecis
852 2653 990 2711 resistitur
1005 2672 1013 2720 ;
1037 2652 1084 2709 sed
1100 2652 1293 2710 latisceutibus
1314 2654 1365 2720 eis,
1381 2670 1395 2708 a

605 2745 743 2802 militibus
767 2747 923 2818 impetuose
949 2746 1005 2803 itur
1019 2747 1047 2802 iu
1076 2747 1184 2804 urbem.
1198 2744 1359 2802 lluraudius
1368 2745 1396 2803 in

606 2836 698 2910 lugam
718 2841 845 2894 vertitur.
863 2837 942 2894 Alius
966 2836 1000 2893 ad
1016 2837 1174 2909 imperium,
1194 2837 1397 2894 scilicethsca·

605 2932 640 2999 ri,
651 2947 668 2988 a
678 2932 786 2989 civibus
802 2932 944 2988 infatuatis
955 2932 1075 3003 eligitur.
1090 2932 1144 2988 sed
1155 2930 1319 2988 adveniente
1335 2930 1396 2987 luce

604 3022 738 3084 abatinis
750 3023 902 3083 hhdrerna
917 3033 944 3080 et
954 3023 1182 3081 bucca-Leonum
1201 3023 1303 3095 palatia
1313 3038 1397 3080 occu·

603 3125 716 3188 pautur.
731 3115 802 3186 Quid
817 3116 920 3187 plurai
937 3116 1095 3173 Gracorum
1121 3125 1213 3187 strage
1237 3115 1314 3182 data,
1328 3130 1397 3186 pens

604 3209 652 3265 illa
668 3209 767 3280 spiritu
782 3208 892 3267 consilli
914 3210 1055 3277 destituta,
1079 3210 1219 3280 quondam
1244 3208 1397 3281 prudentia

604 3302 673 3370 dlis,
695 3318 770 3360 nune
789 3302 850 3360 sine
872 3302 1030 3374 prudentia,
1054 3302 1127 3360 sieut
1153 3302 1244 3375 pulvis
1260 3301 1395 3373 disperiit,

604 3394 679 3452 sient
689 3392 784 3452 tumus
808 3393 932 3461 evanuit,
951 3394 1024 3450 sicut
1038 3392 1133 3450 lenum
1144 3393 1254 3449 exaruit
1269 3410 1278 3461 ;
1303 3402 1330 3449 et
1343 3391 1397 3448 la·

1552 2714 1619 2774 uum
1636 2716 1791 2779 sequuntur,
1806 2705 1883 2761 lrulet
1900 2703 2017 2760 Estsmb
2035 2704 2132 2760 codes.

1482 2800 1636 2871 Adimpleta
1660 2808 1703 2856 est
1724 2798 1888 2869 prophetia,
1918 2813 2000 2869 quarn
2023 2797 2236 2868 mathematicus

1445 2891 1557 2965 quidam
1571 2892 1698 2964 praedixit
1713 2892 1835 2948 helricus
1851 2908 1857 2944 :
1876 2891 1993 2947 Gaudete
2006 2902 2107 2963 septem
2126 2901 2233 2952 montes.

1445 2986 1491 3043 ssd
1510 3002 1561 3040 non
1581 2984 1655 3040 mille
1673 3000 1757 3041 osrros
1772 2997 1781 3039 .·
1797 2982 1919 3040 nondum
1931 2985 2005 3040 enirn
2024 2983 2236 3040 acorrstastino

1445 3077 1608 3134 millesimus
1620 3077 1766 3134 advenerat
1777 3090 1876 3143 annus,
1884 3075 1995 3148 quando
2003 3074 2234 3148 Septenrsoliunr,

1445 3170 1473 3227 ld
1494 3179 1537 3227 est
1552 3168 1819 3243 Constantinopolis,
1841 3184 1856 3229 a
1874 3183 1985 3226 summo
2003 3168 2107 3240 gaudio
2119 3167 2235 3226 tristitie

1446 3264 1502 3320 ruit
1519 3262 1553 3319 ad
1569 3263 1634 3319 ima.
1653 3261 1756 3320 Eodem
1771 3276 1844 3319 anno
1854 3269 1961 3318 cometa
1978 3275 2079 3331 magna
2095 3275 2188 3317 acrem
2205 3259 2234 3316 ii·

1446 3356 1583 3414 lustravit.
1613 3354 1715 3412 Eodem
1742 3370 1815 3411 anno
1840 3353 2012 3410 senerahiles
2039 3353 2095 3409 viri
2120 3352 2235 3412 domnos.

604 3486 727 3547 tinorum
736 3501 805 3558 pens
819 3483 1251 3556 urbcmConstantirropolltanam
1266 3485 1395 3540 inmense
1447 3447 1600 3515 mmm
1621 3455 1648 3504 ⁰¹
1664 3446 1795 3520 'mim‘
1812 3444 1922 3513 ΡΜ*
1941 3445 2096 3518 W‘l'ffli
2111 3446 2235 3502 “mm

602 3575 691 3650 aprio
705 3577 853 3636 erronee
866 3577 995 3639 eurrnnrr.
1018 3577 1061 3634 ru
1073 3576 1133 3633 nee
1149 3576 1268 3633 unone
1281 3571 1431 3636 parunt-o
1447 3541 1497 3606 ¹⁸⁸·
1512 3539 1670 3612 ’ΝΟΜ
1687 3537 1761 3595 ”⁶¹⁸
1776 3536 1867 3608 ΙΨ*
1885 3536 1919 3592 ⁶⁰
1939 3533 2018 3609 Μ’
2042 3533 2235 3592 ω”ωω

604 3685 672 3728 num
685 3668 823 3726 susurre
842 3669 969 3728 omrem
993 3669 1226 3740 anteposuere
1240 3668 1395 3726 osroenae
1445 3635 1534 3738 poton
1555 3634 1709 3737 server-nn,
1736 3629 1782 3688 vbi
1811 3632 1846 3688 m
1873 3630 2054 3733 romeon,
2076 3628 2236 3732 civitatens

603 3770 787 3831 coronarunt,
802 3761 916 3822 leneus
932 3778 995 3819 curn
1006 3761 1193 3820 lsrruensihua
1215 3761 1286 3820 votis
1297 3761 1395 3819 conni-
1444 3722 1562 3788 ¹²⁸¹¹¹¹¹⁸·
1577 3731 1605 3782 ⁰²
1621 3723 1723 3781 cnm
1740 3720 1812 3793 *ΡΜ
1828 3719 1958 3777 smum
1969 3719 2104 3790 ⁸⁰P¹¹¹³¹¹¹
2121 3719 2235 3776 ⁵⁰⁰⁰st

603 3852 732 3911 mm
743 3852 889 3924 imperium
904 3852 1064 3918 ‘omem
1076 3848 1146 3916 Nm
1160 3860 1259 3924 qum
1276 3851 1396 3923 imm
1444 3818 1496 3876 lios
1510 3815 1612 3888 recepti
1629 3813 1751 3872 luerunt.
1766 3812 1819 3881 Qut
1836 3810 1938 3868 ibidem
1957 3810 2114 3883 spiritualia
2127 3811 2237 3884 motis

604 3948 683 4005 toriae
701 3947 839 4020 majestati
854 3946 996 4014 tribuitur,
1011 3956 1175 4019 quamtum
1189 3945 1323 4014 medietas
1334 3961 1395 4005 ces·
1444 3918 1502 4017 'suf
1522 3909 1594 3965 ‘¹¹⁸⁸‘
1618 3907 1729 4015 pum
1751 3919 1835 4010 ΨΜ
1859 3902 1983 3969 mim·
2003 3901 2187 4008 dffffiflstfffl·
2204 3900 2235 3959 Β

604 4041 641 4100 ,ῆι
655 4040 779 4108 νοω,
797 4050 827 4099 et
853 4051 950 4099 w,
972 4041 1136 4112 mam·
1149 4040 1310 4098 Bonum
1328 4057 1394 4107 ,em
1444 4003 1538 4060 drvrna
1558 3999 1657 4070 odera,
1679 4015 1724 4064 me
1744 4007 1901 4065 assistente,
1918 3997 2079 4053 solemmter
2094 3997 2233 4076 celebrara-

604 4135 742 4206 marchio,
753 4135 803 4207 qui
822 4133 1000 4208 Margaritam
1024 4134 1237 4206 imperatricem,
1253 4137 1394 4207 quondam
1444 4104 1500 4160 ‘⁰¹¹'
1521 4091 1589 4153 Nm
1602 4101 1630 4154 οι
1644 4108 1695 4167 ⁰⁸⁰
1711 4091 1745 4154 ²⁰
1766 4090 1924 4147 m²¹¹d⁸¹¹⁸¹¹¹
1944 4087 2066 4160 mica
2088 4087 2233 4144 “mm

602 4227 716 4296 isachii,
731 4242 855 4285 sororem
881 4227 1018 4301 hymerici
1040 4228 1111 4299 regis
1133 4225 1265 4299 hungari,
1290 4227 1343 4284 sibi
1365 4228 1393 4283 io

603 4322 782 4379 matrimonio
807 4321 956 4392 copulavit,
982 4318 1210 4377 Thessalonicam
1233 4320 1391 4376 vindicavit.

603 4411 766 4470 Hunudius
778 4421 871 4468 autem
886 4409 1013 4467 Alesiam
1038 4421 1184 4482 tyrannum
1199 4410 1306 4476 adiens,
1317 4419 1344 4466 ct
1355 4409 1395 4464 ln·

603 4504 719 4566 tendens
731 4503 834 4561 bellum
848 4501 1000 4568 blanditiis,
1014 4509 1043 4557 et
1055 4500 1171 4572 alicujus
1191 4500 1249 4572 spei
1261 4501 1392 4558 seducere

602 4600 706 4667 verhis,
718 4597 823 4654 lumine
836 4597 962 4667 privatus
976 4603 1020 4651 est
1036 4593 1221 4664 medieasque
1237 4593 1273 4648 ad
1284 4594 1391 4659 urbem,

603 4704 620 4749 a
633 4688 742 4747 Latinis
755 4687 973 4746 misericordiam
1000 4686 1165 4758 impetravit.
1179 4684 1233 4740 Sed
1255 4698 1320 4741 curn
1331 4698 1393 4739 rur·

602 4799 652 4843 sus
674 4781 840 4855 proditionrs
865 4779 1009 4837 moliretur
1034 4777 1175 4843 insidias,
1197 4777 1231 4833 de
1257 4775 1391 4832 Columna

602 4875 688 4934 Tauri
697 4889 747 4947 per
757 4873 922 4931 seutentiam
935 4871 1121 4944 praecipitatus
1135 4878 1187 4937 est,
1200 4878 1231 4925 ut
1244 4870 1392 4941 sieutprae-
1809 4925 1845 4938 ‚-

601 4977 759 5043 sumpserat
775 4967 926 5026 ascendere
942 4965 971 5023 in
986 4967 1084 5034 altum,
1096 4963 1137 5020 sio
1150 4962 1184 5018 de
1195 4962 1251 5017 alto
1262 4960 1390 5017 meretin
1675 4967 1766 5039 Peroir
1780 4976 1890 5037 aurose
1903 4963 1995 5020 sodes.

601 5061 794 5137 iminium·
809 5059 905 5121 mil
918 5067 1116 5131 ¹¹¹⁰T²¹0²f²¹¹⁸
1129 5052 1335 5126 Remmium
1348 5050 1392 5107 ¹¹¹·
1476 5062 1558 5120 huo
1580 5058 1690 5119 homird
1710 5056 1792 5124 taos,
1811 5055 1962 5116 halduinus
1985 5054 2142 5125 imperator
2162 5052 2227 5111 dou⁴

601 5164 678 5225 pato,
693 5153 785 5211 latini
801 5152 946 5214 victoriosi
958 5151 1017 5209 lere
1028 5148 1218 5207 monarchiam
1230 5146 1390 5204 Graeorum
1441 5154 1702 5228 mnfinowpunus
1715 5150 1826 5210 cmm,
1840 5150 1867 5206 r„
1883 5146 2066 5218 Ᾰῃᾱήῃοροιι
2082 5161 2228 5221 mm.

1444 4186 1568 4259 magistri
1589 4185 1664 4251 Petri
1681 4185 1710 4242 in
1730 4181 1850 4240 Sabbata
1869 4190 1989 4254 quatuor
2000 4188 2160 4250 temporum
2174 4186 2233 4235 ants

1442 4275 1618 4335 Nativitatem
1639 4275 1750 4332 llomlni
1769 4272 1916 4343 intemplo
1938 4268 2046 4326 Sanctae
2063 4268 2176 4342 Sophia
2191 4284 2232 4325 so·
2270 4325 2271 4331 ,

1443 4369 1570 4427 lemulter
1582 4366 1694 4424 ordines
1709 4364 1853 4426 celebravi.
1871 4362 1942 4430 Quia
1958 4371 1986 4418 et
2002 4361 2062 4432 ipse
2075 4376 2128 4432 pre
2142 4373 2231 4417 amore

1443 4460 1553 4519 Domini
1563 4459 1686 4519 crucillxi
1698 4455 1876 4529 peregrinans
1888 4455 1916 4510 in
1929 4451 2049 4526 Syriam,
2061 4453 2137 4509 sicut
2147 4453 2229 4525 prius,

1443 4561 1475 4610 ut
1486 4553 1511 4609 ei
1525 4552 1695 4614 assisterem,
1711 4548 1738 4604 in
1753 4545 1923 4612 Armeniam,
1939 4545 1979 4601 sic
1991 4553 2019 4600 ct
2032 4555 2098 4615 post
2119 4543 2149 4600 in
2161 4542 2229 4601 ore

1442 4645 1515 4706 ciam
1542 4622 1647 4699 lucram
1674 4640 1820 4698 comitatus
1855 4636 1993 4694 eumdem.
2021 4633 2128 4691 Eodem
2162 4647 2229 4690 anno

1441 4736 1529 4799 treet
1543 4733 1655 4792 excitati
1670 4731 1751 4804 quasi
1765 4745 1805 4799 se,
1818 4727 1925 4794 latinis
1936 4726 2072 4802 expulsis,
2087 4727 2118 4783 ia
2135 4723 2228 4783 aaron·

1442 4828 1565 4902 nopolim
1580 4833 1752 4897 receperunt.

509 5265 511 5269 ’
604 5248 771 5311 shtinebant.
1441 5258 1485 5306 tos
1496 5247 1613 5306 obsedit.
1631 5245 1684 5303 Sed
1706 5260 1723 5303 a
1743 5243 1829 5300 Blatis
1843 5241 1998 5299 lorinsecus
2013 5242 2191 5314 congregatis
2203 5246 2227 5294 rt

974 5369 1010 5382 -·
1440 5340 1573 5399 Cumanis
1585 5342 1643 5412 ipsc
1655 5341 1802 5411 imperator
1817 5351 1880 5393 cum
1899 5333 2066 5406 quibusdam
2080 5332 2227 5391 hamnitrss

638 5458 808 5518 hecaten
820 5459 850 5519 io
861 5456 982 5515 Caesareo
1005 5451 1197 5514 vindobonensi
1213 5453 1303 5509 codiee
1316 5452 1356 5506 ita
1440 5435 1500 5493 ΝΒ
1523 5444 1620 5506 ΜΡΝ*
1638 5441 1681 5488 0⁵⁸
1704 5439 1733 5487 0³
1754 5431 1864 5488 ⁰005&ss
1883 5428 1952 5499 (5¹)·
1974 5424 2124 5484 Efflcstlss
2143 5434 2226 5483 ΝΜ

897 5529 1091 5585 assentantes.
1440 5527 1543 5584 illaesus
1563 5540 1691 5582 reversus
1706 5532 1750 5580 est
1763 5519 2050 5591 Constantinopolim,
2061 5519 2111 5576 cui
2126 5516 2228 5592 psalsd

637 5621 839 5684 bonohomini
855 5621 936 5688 last.
951 5619 1046 5683 leuen
1063 5637 1126 5678 curn
1144 5622 1388 5692 baronibuscepe·
1440 5619 1578 5678 llenricus
1599 5618 1684 5675 lrater
1710 5615 1904 5689 imperatoris,
1932 5613 2003 5675 duce
2030 5609 2157 5669 Venetia
2174 5611 2225 5684 lars

602 5725 669 5775 runt
687 5717 783 5772 urbem
803 5713 1080 5784 Constantinopolim.
1104 5712 1272 5782 Nursudius,
1290 5714 1338 5785 qul
1360 5727 1392 5768 se
1440 5723 1561 5773 nvnrtuo.
1581 5711 1703 5768 hlarchio
1716 5725 1826 5782 quoque
1845 5705 2016 5770 hordiacius,
2037 5704 2089 5777 qul
2109 5700 2226 5778 sessmvit

602 5812 796 5882 imponerem
816 5809 943 5881 putabat,
960 5805 1028 5882 tuph
1046 5807 1081 5864 de
1096 5809 1174 5865 urbe.
1195 5808 1273 5867 Alius
1287 5809 1322 5865 ad
1337 5808 1390 5864 iru-
1441 5811 1469 5878 in
1489 5808 1696 5874 Thessalonica,
1715 5822 1731 5861 a
1752 5803 1855 5860 Gracis
1876 5810 1904 5858 et
1924 5799 2009 5857 litatis
2026 5799 2118 5857 mults
2136 5808 2225 5873 passas

636 5967 695 6039 (51)
715 5965 781 6022 Gort.
805 5977 910 6026 artene.
934 5969 1011 6026 sedit
1032 5984 1042 6024 .·
1065 5966 1183 6041 ideoque
1203 5974 1332 6029 recedens
1354 5971 1390 6027 ab
1440 5966 1559 6040 praehrit.
1582 5964 1716 6021 Hetltlclss
1738 5961 1858 6020 ”⁰⁰⁶⁰ss
1880 5961 1922 6016 '5¹'
1939 5959 2030 6015 ΝΜ
2049 5967 2079 6016 ‘⁸
2101 5955 2223 6017 ΜΨ

601 6038 745 6094 obsidione
758 6038 892 6097 corrlusus
907 6042 1066 6098 Latinorum
1078 6042 1228 6110 eser-citus,
1243 6055 1333 6098 tarnen
1349 6059 1390 6099 reo
1440 6041 1577 6097 nrihtaris.
1589 6036 1827 6106 llurchioquorpue
1840 6031 2070 6115 llorrilaciumqui
2087 6027 2222 6087 dumah

602 6111 652 6164 dilt
670 6111 698 6165 in
719 6111 815 6166 urbem
833 6112 1089 6169 consonantissimam
1110 6113 1222 6178 illaesus,
1243 6115 1288 6168 cui
1306 6114 1388 6171 irater·
1440 6112 1509 6171 nica
1522 6124 1650 6180 regnaut.
1667 6109 1881 6177 circumquaque
1895 6116 2052 6176 ht⁰i¹¹¹0¹²⁸
2066 6101 2222 6176 milii*

604 6182 791 6256 rrnpcratoris,
819 6183 935 6242 ilenrico
963 6182 1125 6240 Terrenorum
1153 6185 1222 6241 duce
1246 6183 1385 6258 defuncto,
1441 6192 1493 6249 rat,
1512 6198 1526 6237 o
1542 6179 1642 6237 Graccis
1658 6189 1682 6235 at
1699 6177 1872 6244 hirdinem.
