5125 7059
351 720 404 776 ott
877 712 976 768 ttulit
997 710 1042 767 DE
1061 707 1289 767 summittite
1306 707 1436 765 abisam.
1921 711 1972 766 titt

351 835 439 889 sulus.
456 830 542 886 llabet
563 829 635 885 enim
650 827 862 900 cooperatricem
878 827 1000 883 sedulam
1017 833 1045 881 et
1060 825 1174 895 adju-A
1224 823 1328 880 Taliter
1338 838 1400 878 cum
1419 822 1490 876 ratio
1508 821 1645 876 lromincm
1675 821 1796 884 instruit,
1824 822 1905 878 nnius
1929 840 1974 880 re-

352 922 449 976 tricem
465 919 641 975 indefessam.
670 917 756 973 llabet
767 917 867 986 quippe
890 929 1004 970 uxorem
1017 914 1136 969 sobriam
1189 917 1265 987 rique
1282 914 1328 969 llei
1343 914 1420 969 fidem
1434 914 1529 984 giguit.
1543 912 1623 967 ilatio
1637 929 1702 985 erga
1715 912 1798 967 lleurn
1807 917 1974 972 esseasserit

351 1010 726 1081 etmndestam,pudicamet
742 1005 998 1070 unnesmntmou,
1015 1007 1136 1076 inquam,
1188 1013 1214 1059 et
1235 1002 1416 1073 irrefragabili
1444 1008 1662 1073 argumentorum
1688 1001 1803 1054 ueritate
1824 1004 1972 1059 convincit.

351 1118 465 1157 uxorem
487 1103 649 1158 arrrtnraliter
671 1101 722 1156 silei
749 1099 897 1169 ingenitam
912 1105 940 1152 et
962 1096 1137 1164 covannctarn
1188 1094 1269 1151 Fidus
1280 1095 1372 1164 itaque
1386 1093 1564 1163 prinrngenita
1575 1099 1617 1147 est
1629 1092 1736 1145 soboles
1757 1107 1788 1144 cr
1805 1093 1902 1161 copula
1914 1096 1972 1163 spi-

352 1195 504 1259 rationem;
529 1194 610 1262 cujus
624 1190 734 1262 quidem
757 1190 780 1245 si
807 1185 971 1258 ipseovnuia
998 1193 1060 1255 agat
1074 1198 1138 1238 enm

351 1285 480 1347 consilio,
493 1285 615 1354 nilrilque
630 1282 720 1337 lacere
737 1289 893 1352 praesumat,
918 1278 971 1334 nisi
986 1278 1058 1348 quod
1079 1277 1138 1346 ipsa

352 1378 489 1440 bortatur,
519 1376 650 1445 suggerit,
676 1381 778 1436 rnouct,
803 1372 943 1440 sapienter
968 1368 1140 1423 acdecenter

353 1467 508 1537 prov-idere,
525 1475 552 1520 et
564 1467 637 1535 juste
649 1474 747 1519 rrvrrcta
765 1463 902 1532 disponet.
917 1461 976 1531 ipsa
1000 1460 1073 1514 enim
1089 1474 1139 1513 na-

352 1558 479 1611 turaliter
494 1558 584 1610 munla
597 1555 671 1624 insta
682 1565 708 1608 et
717 1555 831 1607 lrnncsta
844 1553 979 1607 desiderat
996 1559 1023 1605 ct
1037 1550 1135 1618 diligit,

353 1649 497 1703 mboncsta
527 1663 590 1702 vcro
609 1654 636 1702 et
656 1647 757 1716 injusta
773 1645 837 1698 tntis
850 1643 954 1697 viribus
976 1649 1139 1710 aspernatur

352 1745 381 1793 ct
393 1739 463 1794 odit.

389 1852 412 1908 0
428 1852 511 1924 igitur
525 1852 630 1908 felicem
646 1851 786 1923 spiritum,
801 1850 825 1905 si
838 1850 920 1920 buius
937 1858 991 1904 tam
1006 1848 1140 1920 sapientis

353 1952 380 1998 et
394 1952 450 1996 tam
466 1943 559 1998 sobrio
572 1945 671 1998 decore
684 1940 880 2013 pamlnlgeutis,
898 1948 952 1993 tam
965 1939 1092 1994 lornrosar
1112 1944 1139 1994 et

352 2033 482 2104 gratiosae
493 2033 679 2087 rtxoriscastis
693 2032 845 2087 delectetur
859 2029 1044 2099 amplexibus,
1060 2028 1140 2096 euius

1189 1188 1258 1242 ritus
1274 1192 1302 1240 ct
1314 1184 1426 1238 rationis
1442 1191 1594 1252 procreata,
1616 1188 1677 1250 post
1692 1181 1771 1249 cujus
1788 1189 1913 1236 exortum
1927 1197 1974 1239 or·

1189 1279 1291 1333 uincet
1305 1284 1383 1330 {etrite
1397 1275 1517 1329 secunda
1532 1290 1595 1343 spes
1613 1271 1745 1342 gigrritnr.

1440 1365 1504 1420 Cur.
1521 1364 1588 1419 Vlll.
1607 1365 1645 1418 lle
1656 1381 1710 1432 spe.

1223 1460 1371 1530 Postquam
1386 1458 1458 1514 enirn
1473 1458 1536 1527 quis
1552 1455 1634 1511 llcnm
1650 1473 1722 1522 esse,
1735 1467 1762 1513 et
1778 1459 1805 1513 in
1817 1457 1899 1512 Deum
1913 1472 1974 1515 cre-

1189 1552 1253 1607 dere
1266 1550 1390 1619 emper-it,
1401 1563 1574 1619 coursequens
1599 1557 1650 1612 cst,
1667 1558 1696 1602 nt
1713 1551 1813 1604 bonnm
1829 1557 1857 1603 et
1869 1549 1973 1618 jvvstrtrn

1189 1658 1251 1698 esse
1269 1641 1394 1696 dubitare
1410 1656 1463 1694 uon
1480 1640 1576 1710 possit.
1591 1638 1669 1703 Quod
1681 1640 1752 1693 enim
1766 1655 1820 1694 non
1835 1640 1922 1694 bonrrs
1934 1641 1975 1693 vel

1191 1735 1310 1803 injustus
1322 1733 1358 1786 sit
1373 1733 1414 1786 rel
1429 1747 1489 1787 esse
1517 1730 1615 1800 possit,
1642 1731 1711 1783 ratio
1730 1731 1841 1785 credere
1862 1745 1976 1799 prorsus

1191 1826 1292 1886 rcnmt,
1302 1839 1388 1894 neque
1403 1824 1453 1878 bec
1464 1823 1519 1876 ullu
1532 1821 1614 1877 modo
1625 1836 1726 1876 sensns
1741 1822 1858 1875 liuvninis
1872 1823 1977 1889 integer

1191 1918 1231 1972 rel
1259 1915 1404 1971 incolumis
1431 1913 1474 1968 vel
1502 1914 1624 1983 cogitare
1642 1914 1791 1982 presumit.
1815 1913 1883 1964 Cum
1903 1913 1976 1964 enirn

1188 2007 1294 2076 justitia
1308 2004 1344 2059 sit
1359 2004 1478 2058 tribucre
1493 2002 1591 2072 cuique
1603 2004 1651 2067 rei,
1668 2001 1740 2072 qnod
1756 2008 1897 2062 sumucst,
1909 2001 1976 2054 niltil

354 2123 454 2176 doctus
482 2121 607 2185 corasilio,
637 2121 723 2175 lretus
746 2119 848 2174 anxilio
878 2119 1003 2173 nocitura
1024 2119 1141 2173 declinet
1191 2093 1977 2168 ι311]ιῑῑὸῑῑιῐιῑθιῑιῑιῑὓθῑιινιιιῑῙιθθὸθωιιθιί*ι)Ιθ”ι“ιι“ι“’

353 2213 495 2277 anniversa,
510 2220 661 2282 etquceque
670 2213 846 2282 concupiscat
854 2219 970 2282 agatque
985 2211 1137 2281 prolatura!

355 2302 428 2357 linas
442 2310 555 2357 naturas
567 2301 638 2358 beris
659 2303 686 2356 iu
701 2304 791 2356 anima
806 2305 907 2374 posuit,
918 2318 999 2358 nnana
1015 2306 1140 2373 superio·

353 2408 423 2454 rent,
441 2390 467 2444 id
478 2401 521 2447 cst
532 2392 680 2458 ratinncm;
697 2392 779 2446 aliam
794 2392 967 2458 interiorem,
981 2392 1008 2448 id
1023 2400 1065 2449 est
1077 2408 1140 2447 scn-

353 2483 522 2538 snalitatem.
538 2481 619 2537 ltatio
636 2490 679 2538 εει
690 2483 732 2537 vis
746 2483 873 2552 superior
887 2499 935 2540 sen
945 2485 1032 2540 rirtns
1043 2485 1141 2538 animm

353 2574 501 2644 quainbiat
520 2575 691 2645 spiritalibus
707 2617 714 2641 ,
729 2582 757 2630 et
771 2575 917 2645 imaginem
932 2575 979 2631 llei
993 2583 1140 2632 conserent

353 2668 382 2721 in
396 2681 436 2722 se.
454 2663 625 2721 Sensualitas
652 2666 781 2723 inferiora
796 2667 849 2722 ista
863 2674 890 2722 ct
909 2667 1027 2722 risibilia
1052 2666 1140 2721 admi·

353 2758 454 2813 nistmt
466 2765 493 2813 et
507 2757 638 2828 disponit,
655 2751 716 2830 qnae
734 2759 862 2815 sensibus
873 2756 1014 2828 corporeis
1030 2758 1134 2828 percipi

352 2859 381 2906 et
396 2851 554 2922 concupisci
572 2858 697 2922 possunt.

387 2963 455 3021 Car.
471 2963 527 3022 Vll.
548 2965 585 3020 De
602 2967 701 3037 triplici
723 2966 797 3037 prole
810 2968 919 3036 spiritua
933 2977 957 3022 et
980 2968 1104 3023 rationis.

389 3055 445 3113 Nec
455 3059 543 3112 solum
558 3066 598 3113 tot
611 3060 750 3129 tantisque
768 3058 849 3114 bonis
864 3058 1014 3114 abundabit
1032 3059 1090 3113 lraec
1102 3058 1141 3114 le·

355 3148 522 3220 lixcopnla,
539 3149 587 3205 sed
610 3150 691 3202 itiam
712 3150 931 3220 prolelbeabitur
949 3150 1071 3215 amabili,
1084 3151 1140 3206 elc-

354 3241 441 3312 ganti,
452 3256 593 3311 generosa.
610 3239 699 3310 liujus
712 3241 785 3296 enim
797 3241 917 3312 conjugii
930 3240 1063 3313 spiritalis
1084 3240 1141 3297 iru-

354 3346 417 3388 etns
433 3333 520 3403 prima
536 3333 601 3388 lnlcs
615 3340 668 3396 cst,
683 3332 804 3387 secunda
820 3348 894 3403 spes,
917 3334 996 3389 tertia
1007 3334 1138 3391 ebaritas.

354 3425 428 3480 Nibil
439 3425 511 3479 enim
527 3425 642 3494 sperari,
659 3426 700 3480 rel
712 3433 850 3495 speratum
865 3424 951 3479 amari
964 3432 1065 3496 potest,
1085 3425 1139 3480 nisi

355 3517 434 3586 prius
457 3531 517 3571 esse
539 3515 676 3570 credatur.
701 3516 782 3572 Credi
808 3523 898 3572 artteur
914 3524 1014 3586 polest,
1039 3518 1062 3573 si
1085 3531 1140 3572 nori
1154 3536 1176 3593 g
1192 3556 1317 3603 cmm„

355 3614 482 3678 speretur
494 3607 534 3662 rel
549 3615 665 3664 arrretnr.

389 3717 509 3773 Primam
532 3733 598 3789 ergo
617 3726 683 3774 natu
708 3719 788 3774 lldcm
807 3735 869 3777 esse
885 3720 1013 3777 dicimus.
1043 3719 1142 3775 Statim

355 3810 428 3864 enim
445 3809 553 3865 utratio
565 3815 593 3862 rt
606 3808 720 3879 spiritns
735 3810 838 3866 mutuis
852 3811 1068 3866 commiscentur
1083 3825 1143 3864 am·

356 3900 492 3970 plexibus,
510 3900 576 3957 lldes
595 3900 737 3956 elucescit.
751 3898 844 3955 Fidem
861 3900 931 3954 ratio
940 3899 1066 3970 parturit.
1088 3897 1143 3954 lle·

356 4006 417 4044 rum
448 4003 576 4060 namque,
599 4005 715 4060 quarum
738 3990 863 4046 notitiam
884 4007 899 4044 a
928 3990 1027 4060 spiritu
1041 4005 1142 4059 corpus

357 4076 527 4133 inhabitante
541 4078 730 4134 etvirilleante
742 4079 921 4149 percipimus,
935 4093 1037 4135 eansas
1047 4087 1074 4135 et
1086 4079 1144 4134 ori·

355 4171 434 4241 gines
457 4168 527 4224 duee
548 4169 654 4225 ratione
665 4170 872 4240 investigamus.
892 4171 960 4225 Cum
986 4170 1058 4226 enim
1082 4171 1143 4225 uni·

356 4260 496 4316 versitatis
501 4260 741 4331 pulchritudinem,
755 4262 818 4316 eoeli
828 4268 961 4332 terreque
974 4262 1140 4327 maclviuanr,

355 4366 426 4422 opns
440 4351 564 4408 mirabile
575 4351 787 4423 delectabileque
798 4353 879 4408 bomo
886 4353 1006 4422 inspicit,
1017 4353 1142 4423 opilieem

355 4452 383 4498 ct
413 4450 552 4500 auctorem
574 4445 665 4516 operis
681 4444 751 4499 ratio
769 4445 911 4515 perquirit.
941 4443 1143 4500 llatiocinando

355 4532 429 4588 enim
444 4534 558 4604 colligit,
571 4535 643 4605 qnod
655 4534 722 4589 nibil
739 4534 835 4589 borum
852 4549 900 4605 per
912 4549 943 4591 sc
959 4534 1062 4593 velare
1076 4535 1144 4591 sub·

356 4623 470 4680 sistendi
482 4625 589 4680 initium
608 4625 741 4680 babuerit.
762 4622 790 4679 Si
806 4625 879 4680 enim
894 4626 950 4681 lvaee
966 4641 1013 4695 per
1025 4641 1054 4681 se
1069 4627 1141 4681 vela

357 4733 388 4773 sc
404 4717 472 4790 ipsis
487 4714 555 4771 lacta
568 4715 695 4780 luissent,
708 4730 793 4786 qnare
803 4724 830 4771 et
842 4716 894 4770 alia
905 4716 948 4771 lais
962 4716 1060 4771 similia
1069 4724 1142 4786 post·

355 4826 387 4866 ea
404 4827 420 4864 a
436 4824 465 4865 se
480 4808 547 4879 ipsis
563 4808 633 4862 lacta
659 4824 713 4862 non
736 4806 862 4871 luissent,
888 4807 929 4861 vel
950 4807 1139 4878 inpraesentia·

356 4917 417 4956 rum
434 4915 487 4954 raon
503 4898 615 4954 lucretii?
635 4897 709 4951 Patet
735 4913 810 4967 crgo,
826 4898 889 4967 quia
913 4898 1079 4953 conditorem
1094 4898 1141 4952 lra-

356 4993 488 5054 bnerunt,
509 4989 556 5058 qui
571 4989 628 5043 bare
645 4989 773 5058 ,quando
784 4987 881 5052 vnlnit,
899 4988 972 5053 lecit,
990 4996 1018 5043 et
1037 4997 1142 5059 postea,

355 5082 421 5152 quia
432 5080 531 5143 noluit,
548 5079 591 5135 bis
607 5079 707 5134 similia
722 5095 776 5134 non
786 5078 860 5135 lecit.

391 5194 517 5264 Amplius
533 5211 540 5248 z
555 5193 595 5248 sic
619 5192 675 5249 haec
699 5209 714 5247 a
739 5209 769 5249 se
779 5193 848 5263 ipsis
859 5208 939 5249 sunm
953 5208 1015 5249 esse
1029 5193 1142 5251 babuis-

357 5292 431 5347 sent,
461 5282 529 5337 uuili
549 5271 671 5353 proiecto
688 5281 873 5345 mutabilitati,
890 5283 1016 5338 varietati
1030 5285 1072 5339 rel
1096 5284 1144 5340 de·

357 5374 441 5432 lecturi
449 5373 623 5442 subiacerent
636 5388 644 5436 ;
658 5372 733 5442 qnia,
747 5371 818 5428 sicut
832 5371 884 5427 sibi
900 5373 966 5442 ipsis
985 5375 1142 5441 essentiam,

356 5461 398 5521 sic
414 5461 468 5517 sibi
481 5461 727 5516 immutabilitatem
751 5467 779 5516 et
795 5460 955 5516 indellnitiri
970 5471 1059 5519 statua
1069 5472 1145 5519 reter-

357 5553 472 5607 uitatem
483 5551 672 5616 contulissent,
687 5559 714 5605 ει
724 5551 795 5605 sient
808 5565 880 5614 esse,
893 5551 933 5605 sic
943 5553 1036 5623 utiqne
1050 5570 1143 5609 rernm

357 5651 385 5697 et
398 5641 533 5711 optimum
541 5655 602 5696 esse
621 5641 673 5696 sibi
688 5640 885 5696 vindicassent.
901 5639 971 5706 Quia
986 5642 1068 5714 igitur
1083 5660 1144 5700 nvn-

358 5730 488 5786 tabilitati
500 5736 527 5785 et
537 5727 655 5784 delectui
669 5729 793 5797 subjecta
818 5740 891 5796 snnt,
915 5732 1014 5802 qrtoda
1030 5752 1060 5790 se
1077 5734 1144 5806 ipsis

356 5836 413 5877 nun
433 5819 499 5882 sint,
514 5818 573 5890 ipsa
597 5820 755 5876 ostendunt.
770 5819 887 5878 Necesse
906 5832 949 5880 est
962 5840 1027 5896 crgo
1042 5825 1143 5896 aliquid

355 5927 431 5975 esse,
450 5925 531 5980 aqum
557 5909 647 5965 omnia
670 5910 787 5966 babeant
811 5929 891 5969 snum
913 5929 984 5971 esse.
1013 5915 1144 5986 Quisquis

354 6011 450 6059 autem
470 6001 515 6058 ille
536 6009 589 6066 est,
605 6002 663 6071 ipse
691 6009 797 6058 creator
814 6012 840 6059 et
854 6004 1007 6061 dominator
1031 6007 1102 6065 llcus
1117 6016 1144 6065 et

355 6094 490 6150 llnrrmms
507 6103 585 6149 veros
600 6101 624 6148 rt
640 6094 775 6152 solnscst.

1155 2167 1176 2221 Β
1190 2190 1328 2250 observat,
1338 2194 1366 2241 et
1386 2193 1518 2240 creature
1533 2185 1647 2254 justitia·
1660 2184 1828 2253 perceptibili
1838 2183 1974 2236 rationem

1191 2277 1400 2348 inseparabilem
1429 2282 1457 2329 ct
1486 2275 1639 2328 naturalem
1669 2268 1785 2343 justitiae
1819 2273 1977 2342 rrrngistram

1192 2367 1299 2431 indidit,
1315 2383 1376 2438 quae
1389 2366 1458 2419 lrarrc
1469 2365 1504 2419 ab
1517 2378 1549 2419 ea
1572 2363 1674 2433 jugiter
1688 2364 1789 2432 erigat,
1806 2372 1833 2416 et
1849 2364 1876 2415 in
1889 2377 1978 2431 qnan-

1192 2468 1248 2514 tmn
1262 2473 1322 2514 eam
1335 2456 1411 2527 sequi
1421 2455 1547 2520 uoluerit,
1564 2453 1694 2523 ajustitia
1709 2455 1819 2508 deviare
1832 2468 1884 2506 non
1894 2454 1976 2508 sinat.

1225 2550 1294 2604 Cmn
1309 2563 1374 2618 ergo
1398 2546 1480 2601 licum
1491 2546 1596 2615 justum
1611 2554 1638 2600 et
1654 2546 1754 2599 bonurn
1775 2561 1856 2599 orrrnc
1881 2559 1929 2598 cor
1951 2553 1979 2598 et

1192 2643 1283 2712 lingua
1305 2641 1479 2696 correorditer
1502 2640 1627 2702 latratur,
1644 2637 1818 2706 perspicuum
1845 2643 1897 2698 est,
1914 2637 1979 2705 qnia

1191 2733 1263 2804 quod
1280 2733 1338 2803 ipsc
1352 2739 1403 2795 cst,
1419 2747 1474 2785 non
1494 2745 1585 2785 aumre
1609 2745 1663 2785 non
1688 2735 1788 2798 putest,
1808 2715 1838 2782 et'
1854 2743 1911 2783 snm
1930 2742 1978 2782 εε-

1192 2821 1452 2878 sevitiaeconnarius
1463 2827 1491 2875 ct
1513 2819 1642 2874 inimicus
1655 2834 1727 2875 csso.
1751 2818 1841 2875 unitus
1858 2820 1980 2889 igituret

1192 2916 1296 2969 airricus
1313 2919 1355 2968 est
1369 2911 1428 2973 liei,
1438 2912 1526 2965 malus
1535 2918 1562 2966 et
1582 2910 1701 2980 injustus
1717 2910 1844 2966 inimicus
1861 2917 1903 2966 εει
1920 2908 1978 2965 liei.

1192 3003 1272 3059 llatio
1288 3009 1377 3056 autent
1394 3001 1580 3056 necessarium
1599 3016 1661 3057 esse
1687 3001 1796 3064 astruit,
1819 3009 1850 3054 nt
1878 3002 1977 3056 lened-

1192 3095 1264 3148 cium
1281 3093 1329 3148 llei
1340 3102 1367 3148 et
1375 3092 1490 3161 justitiae
1501 3094 1601 3159 arnico,
1625 3093 1787 3165 supplicium
1799 3108 1864 3148 veru
1885 3092 1932 3148 llci
1952 3101 1980 3147 et

1192 3185 1305 3250 justitie
1332 3185 1464 3239 debeatur
1484 3185 1606 3239 inimico.
1630 3184 1699 3239 Cum
1723 3184 1795 3238 enim
1824 3193 1979 3239 ereaturam

1192 3278 1291 3332 bonam
1307 3291 1368 3331 esse
1382 3276 1423 3331 vel
1437 3275 1492 3330 ‘dici
1505 3274 1579 3329 alind
1596 3290 1650 3330 non
1669 3274 1753 3329 iaciat
1764 3290 1845 3342 (quam
1860 3274 1887 3328 id
1899 3275 1980 3337 velle,

1192 3369 1265 3438 qumi
1281 3367 1396 3422 Creator
1413 3381 1480 3422 suns
1499 3367 1567 3429 rull,
1579 3366 1678 3419 malam
1689 3381 1752 3420 rero
1766 3365 1792 3418 id
1808 3366 1890 3429 nolle,
1906 3365 1980 3436 quod

1191 3457 1306 3512 Creator
1318 3457 1390 3521 rult;
1404 3456 1467 3526 quis
1478 3455 1582 3510 ratione
1593 3462 1672 3511 niens
1681 3453 1815 3517 Creatori,
1832 3455 1876 3509 eni
1890 3455 1982 3511 omnis

1343 3546 1498 3616 justissime
1521 3544 1600 3600 subdi
1626 3543 1719 3608 debet,
1746 3545 1981 3613 obtemperantem

1193 3637 1291 3706 gloria,
1310 3635 1486 3692 rebellantem
1501 3649 1566 3688 vern
1580 3633 1691 3703 dignum
1707 3647 1787 3703 poma
1800 3634 1981 3702 nonjvrdiceti

1192 3723 1275 3780 burris
1291 3724 1373 3794 igitur
1389 3724 1470 3788 bona,
1500 3723 1580 3777 malis
1600 3724 1671 3777 mala
1690 3722 1793 3786 deberi,
1817 3723 1982 3779 necessariis

1193 3815 1262 3872 ratio
1273 3815 1408 3870 obtinebit
1419 3816 1599 3885 argumentis.

1228 3902 1298 3958 llinc
1309 3903 1401 3973 itaque
1427 3918 1489 3973 spes
1502 3903 1635 3959 nascitur.
1651 3901 1719 3969 Quia
1741 3911 1884 3974 postquam
1898 3903 1983 3960 bomo

1194 3993 1278 4049 Deum
1292 4009 1364 4058 esse,
1388 4002 1415 4048 et
1441 3995 1544 4048 bonum
1559 4002 1586 4048 et
1609 3993 1715 4062 justum
1738 4008 1800 4049 csse
1821 3993 1980 4059 crediderit,

1193 4087 1265 4156 quud
1282 4086 1361 4141 bonis
1383 4086 1465 4150 buna,
1482 4086 1562 4141 unalis
1586 4085 1668 4148 nrala,
1683 4085 1791 4155 justitia
1811 4085 1839 4140 id
1857 4089 1983 4157 exigente

1193 4178 1345 4234 retribuere
1354 4177 1462 4242 debeat,
1473 4176 1600 4231 dubitare
1617 4176 1687 4230 ratio
1703 4192 1757 4231 non
1771 4177 1912 4246 permittit.
1929 4177 1983 4231 iln-

1192 4269 1317 4339 besergo
1339 4269 1418 4323 lidem
1442 4277 1468 4324 ct
1491 4283 1566 4338 spem
1582 4284 1616 4322 ea
1630 4267 1757 4338 conjugio
1778 4266 1983 4337 spiritusetra-

1193 4360 1276 4416 tionis
1290 4360 1466 4431 prodeuntes.

1418 4450 1484 4506 Can.
1506 4449 1551 4507 tx,
1567 4449 1606 4505 De
1621 4451 1759 4507 clrnritnte.

1229 4564 1383 4619 Novissima
1396 4573 1486 4619 autern
1502 4573 1590 4628 aetate,
1604 4564 1651 4620 sed
1668 4565 1754 4635 prium
1767 4562 1898 4634 dignitate
1917 4565 1984 4620 clia·

1193 4657 1260 4710 ritas
1285 4663 1440 4725 gelteratnr.
1463 4654 1533 4709 Nilril
1555 4656 1628 4709 enim
1655 4665 1772 4716 arrtatur,
1786 4654 1839 4710 nisi
1857 4656 1933 4725 prius
1955 4664 1983 4710 cl

1192 4756 1317 4817 speretur
1328 4755 1356 4801 et
1367 4747 1505 4802 credatur.
1522 4747 1574 4812 eri
1589 4762 1654 4817 ergo
1670 4744 1755 4800 ileum
1770 4760 1841 4808 esso,
1853 4752 1879 4798 et
1891 4746 1983 4800 ovrrnia
2082 4780 2085 4786 -

1156 4841 1293 4912 pl'eeisse
1312 4841 1408 4905 credit,
1437 4841 1484 4909 qui
1513 4846 1568 4892 tam
1590 4838 1761 4894 delectabilia
1784 4848 1812 4893 ct
1837 4837 1913 4891 utilia
1931 4836 1983 4892 sibi

1197 4933 1342 4988 mundanos
1366 4932 1571 5000 labricaeopera
1596 4930 1739 5000 conspicit,
1765 4936 1792 4984 et
1817 4943 1848 4984 ea
1864 4929 1983 5000 gratuita

1194 5023 1345 5078 conditoris
1357 5023 1456 5092 pietate
1468 5037 1524 5078 snae
1543 5022 1700 5077 necessitati
1718 5027 1744 5075 et
1761 5019 1869 5074 utilitati
1881 5020 1983 5073 scrrire

1194 5110 1346 5181 cognoscit,
1360 5109 1497 5178 quomodo
1517 5124 1579 5164 eum
1596 5124 1650 5163 iton
1669 5109 1733 5164 totis
1749 5107 1851 5161 amabit
1870 5106 1983 5160 uisceri·

1194 5201 1257 5265 bus,
1272 5201 1352 5271 evrjns
1379 5208 1434 5253 tam
1447 5200 1564 5255 amabile
1575 5208 1601 5255 et
1615 5208 1669 5253 tam
1695 5200 1762 5253 utile
1789 5198 1841 5252 sibi
1862 5197 1983 5251 intuetur

1194 5294 1282 5362 opus?
1292 5292 1435 5359 Quomodo
1446 5309 1507 5348 eum
1522 5308 1574 5346 nou
1587 5304 1679 5345 arnmc
1694 5296 1794 5360 potest,
1808 5289 1888 5358 «liujus
1899 5304 1983 5359 opera

1194 5399 1249 5438 non
1261 5399 1353 5439 amare
1368 5400 1424 5439 uon
1439 5382 1652 5454 potcstlSolent
1669 5384 1803 5445 trevirines,
1820 5396 1883 5436 curn
1906 5380 1981 5444 rutile,

1195 5475 1303 5530 brivium
1318 5492 1349 5529 ac
1363 5475 1493 5529 decorum
1518 5472 1718 5543 artificioseque
1739 5473 1920 5542 compositum
1938 5472 1985 5525 bo·

1194 5567 1277 5621 nrirris
1291 5567 1381 5620 rident
1395 5579 1476 5637 opus,
1493 5564 1586 5619 mirari
1610 5574 1711 5628 artem,
1728 5562 1839 5617 laudare
1849 5571 1875 5616 ct
1890 5576 1983 5615 amare

1194 5656 1336 5718 artificem,
1349 5671 1410 5710 cnm
1423 5663 1514 5712 tamen
1530 5656 1595 5710 nibil
1620 5655 1709 5709 lacere
1724 5653 1809 5723 possit
1822 5654 1913 5716 bomo,
1930 5653 1983 5707 nisi

1195 5761 1237 5811 ea,
1254 5763 1313 5816 qrvae
1336 5746 1450 5802 Creator
1471 5747 1545 5808 lacit,
1561 5746 1601 5800 rel
1624 5752 1749 5815 separata
1763 5744 1928 5813 corrinngcre
1942 5743 1983 5798 vel

1195 5837 1342 5905 conjuncta
1357 5852 1495 5906 separare.
1515 5836 1543 5892 Si
1562 5852 1627 5908 ergo
1655 5843 1766 5907 propter
1791 5835 1927 5888 tantillum
1943 5832 1981 5898 id,

1195 5924 1363 5994 qnodlaeorc
1373 5927 1600 5997 qualitercunque
1610 5926 1718 5981 videtur
1727 5925 1819 5986 bomo,
1828 5923 1863 5977 alr
1874 5922 1983 5977 bomine

1194 6023 1312 6081 amatur,
1339 6016 1492 6085 justissime
1519 6015 1643 6086 prolecto
1670 6014 1806 6069 amabitur
1826 6011 1909 6075 Deus,
1934 6012 1982 6081 qui

1197 6103 1430 6175 elegantissimum
1445 6115 1470 6162 ct
1486 6105 1590 6162 infinita
1604 6102 1780 6160 admiratione
1795 6100 1906 6175 rligrnnn
1919 6100 1981 6156 nvn·
