5125 7059
1080 716 1288 778 crinoutcort.
1941 722 1996 778 ost

447 824 831 898 uanos’dlscumleeernnt,ex
844 831 884 888 eis
900 833 1071 889 innumeram
1086 835 1153 888 nini·
1169 849 1190 902 Α
1208 835 1311 904 gregati
1323 835 1528 901 rotrrruiuues,
1552 835 1669 892 Zadram
1686 836 1865 907 municipium
1885 835 1996 896 Venetis

449 945 513 988 nem
530 930 709 1000 captivantes.
730 927 811 984 Anno
829 927 938 984 Domini
958 928 1038 995 teob,
1053 928 1155 985 liedio-
1207 926 1428 983 rrirnisinlestonr
1442 927 1647 985 destruxerunt.
1663 927 1768 984 interca
1790 928 1863 985 Dlins
1879 930 1993 1000 impera·

449 1039 495 1082 ses
504 1031 532 1080 et
548 1022 705 1079 Brixicnses
713 1022 879 1077 obsederunt
890 1031 1011 1078 castrum
1029 1020 1155 1087 Soneini,
1206 1020 1274 1075 toris
1284 1018 1393 1086 lsaebii,
1404 1019 1554 1076 decarcere
1566 1020 1708 1087 liberatus,
1716 1020 1883 1092 Philippum,
1895 1039 1996 1094 cogna-

448 1123 606 1172 ranucront
631 1115 658 1170 in
682 1116 810 1185 snperbia
838 1130 900 1170 sua.
919 1113 988 1169 iiam
1009 1113 1156 1185 l‘apieusos
1206 1118 1263 1163 tum
1277 1125 1370 1175 snum,
1397 1125 1488 1181 regem
1505 1111 1674 1166 Alamanniae
1688 1114 1766 1180 adiit,
1782 1115 1950 1184 supplicans,
1965 1126 1994 1172 ut

447 1207 604 1265 micuerunt
628 1205 875 1263 iiediolanensmm
888 1206 1038 1260 exercitum
1053 1206 1086 1260 ad
1102 1204 1156 1260 lio·
1206 1199 1257 1253 sibi
1270 1198 1405 1254 auxilium
1426 1200 1588 1271 impertiret.
1610 1202 1690 1256 Anno
1705 1204 1762 1274 (tt)
1791 1204 1900 1260 Domini
1924 1206 1995 1262 {2⁰3

447 1317 469 1371 ι,
484 1300 686 1358 cremonenses
709 1310 737 1355 er
762 1299 939 1356 Placentinos
967 1299 1001 1355 ad
1022 1299 1153 1355 sapertun
1205 1293 1260 1346 dur
1283 1289 1460 1357 Venetorum,
1483 1294 1629 1365 caeterigue
1656 1295 1776 1351 barones
1793 1297 1995 1355 adolescentem

447 1409 503 1450 mn
519 1395 598 1465 jugia
623 1393 780 1449 [iussorum.
809 1391 910 1448 Eodem
927 1407 1000 1447 anno
1026 1391 1096 1448 sacra
1113 1404 1155 1448 esa
1204 1385 1331 1440 Alerium
1347 1387 1517 1442 unanimiter
1532 1397 1705 1445 assumentes
1722 1390 1755 1444 ud
1773 1388 1911 1462 illyricum
1936 1406 1996 1463 per-

451 1485 654 1541 Crcmonenses
680 1494 708 1540 et
722 1483 898 1551 Mantuanos,
920 1485 991 1539 inter
1015 1501 1086 1554 quos
1106 1485 1153 1539 diu

450 1591 468 1632 o
492 1576 555 1642 luit,
572 1592 625 1648 pax
639 1587 667 1632 et
685 1577 845 1643 concordia,
861 1586 887 1632 et
908 1578 1104 1647 obsequiorum
1127 1578 1154 1632 in

447 1669 552 1740 opacis
568 1670 738 1725 vicissitudo.
754 1668 806 1724 Sed
824 1671 895 1725 inter
911 1672 1012 1726 milites
1026 1671 1154 1725 brixien·-

447 1768 477 1817 et
505 1762 621 1832 plebem,
636 1778 718 1833 qnam
737 1762 889 1817 Drnzcllam
905 1764 1052 1833 appellant,
1066 1763 1154 1818 cirilis

447 1852 502 1909 ulia
522 1864 581 1909 orta
610 1865 662 1919 est,
682 1857 723 1911 eis
750 1856 897 1926 plurimum
924 1855 1049 1925 utrisque
1072 1855 1151 1910 riaru-

458 1945 541 2015 Noru,
556 1960 624 2006 teste
639 1949 766 2012 Donuuo,
783 1964 857 2002 ornne
873 1965 980 2019 regrrtnu
1004 1949 1032 2002 iu
1046 1965 1073 2003 se
1083 1950 1153 2003 diri-

447 2041 616 2108 laudabitur,
633 2053 658 2097 et
670 2044 764 2097 donrns
776 2059 854 2111 snper
864 2044 972 2096 doricum
984 2042 1070 2097 cadet.
1086 2040 1155 2097 Bro-

448 2134 548 2206 qnippe
564 2146 668 2204 partem
683 2136 800 2190 militnm
822 2135 976 2204 dissiparit.
992 2133 1091 2190 iiilites
1102 2151 1153 2189 au·

1206 1487 1350 1533 venerunt.
1376 1477 1409 1533 Et
1424 1477 1513 1550 primu
1529 1476 1672 1534 Duratium
1697 1496 1782 1549 pncro
1803 1481 1994 1553 subjugarunt,

1205 1571 1367 1640 caenrtsgue
1391 1571 1539 1627 maritimis
1559 1571 1714 1642 subjugatis
1727 1573 1994 1647 Constantinopolim

1205 1671 1400 1734 peruenerunt.
1423 1661 1529 1718 lntcrea
1545 1663 1572 1718 in
1589 1661 1718 1729 Venetos,
1733 1675 1900 1738 caeterosque
1918 1665 1994 1728 Lati·

1205 1770 1257 1810 nos
1279 1754 1517 1825 Constantinopoli
1541 1767 1682 1812 niorantcs
1702 1756 1859 1815 Graecorum
1876 1769 1903 1816 et
1929 1758 1996 1815 Wa-

1204 1863 1355 1918 rangorunr
1383 1847 1494 1903 desaevit
1518 1850 1659 1914 atrocitas,
1678 1865 1727 1906 eos
1753 1851 1928 1922 impugnans,
1948 1868 1994 1908 ca-

1204 1939 1284 2009 piens
1304 1948 1332 1994 ct
1350 1939 1488 1995 occidens.
1512 1938 1581 1995 Cum
1601 1942 1675 1998 eires
1690 1943 1822 1998 admoniti
1844 1945 1994 2014 legitimum

1205 2033 1349 2088 domiuum
1365 2033 1486 2102 recipere
1505 2045 1676 2101 recusarent,
1694 2037 1830 2093 irruentes
1847 2035 1936 2092 Larini
1952 2039 1993 2093 ri·

1205 2125 1329 2181 riliterin
1346 2127 1441 2181 urbem
1457 2128 1556 2196 ipsam,
1568 2138 1711 2198 ceperunt,
1726 2139 1753 2185 et
1766 2130 1896 2200 palatium
1912 2130 1994 2185 obse·

448 2242 495 2283 um
512 2228 744 2283 cremonensibus
764 2228 942 2284 corrtoederuri
956 2237 1021 2283 suus
1036 2245 1044 2293 3
1059 2236 1087 2283 er
1099 2228 1155 2298 pte·
1170 2198 1191 2252 Β
1205 2219 1623 2289 derunt.etcornprebeuderont
1635 2222 1713 2294 (ι8·).
1727 2221 1826 2278 Deinde
1836 2233 1914 2293 capta
1927 2225 1994 2280 urbe

447 2362 452 2386 ,
478 2321 581 2393 quibus
604 2337 697 2377 comes
718 2320 859 2377 barrisius
879 2330 1005 2390 preerat,
1030 2334 1155 2377 arctare-

459 2409 578 2467 Romani
600 2427 666 2467 reru
683 2412 866 2468 Diterrienses
891 2412 919 2465 in
947 2410 1011 2467 lorti
1039 2412 1155 2467 bracbio

447 2515 555 2577 garuni.

447 2612 480 2653 tro
495 2595 605 2652 Domini
625 2597 705 2664 litii,
722 2594 925 2653 Cremonenses
946 2613 1009 2651 curu
1032 2594 1155 2650 Drisien-

452 2689 609 2760 congregati
631 2688 775 2754 militibus,
803 2689 954 2744 Drnzcllam
970 2687 1153 2742 brixiensium

447 2790 547 2847 rarnnt,
567 2796 719 2851 eorumque
743 2796 854 2837 currum
871 2781 899 2834 in
915 2777 1016 2846 lorum,
1030 2795 1077 2835 scu
1096 2780 1151 2849 pla·

450 2871 679 2930 Crenronensium
703 2874 886 2929 deduxerunt.
899 2872 1002 2928 Deinde
1025 2872 1096 2928 lacta
1111 2882 1153 2929 est

448 2974 502 3021 ner
518 2965 948 3037 Cremonenses,Pergamcnses,
966 2967 1116 3023 Comenses
1126 2976 1153 3023 ct

447 3076 530 3128 enses,
552 3063 624 3117 inter
638 3077 710 3132 quos
736 3061 825 3117 lucrat
852 3070 927 3117 tanta
948 3062 1055 3128 seditio,
1079 3062 1153 3132 qood

447 3152 529 3222 gladio
556 3163 710 3224 parcerent,
740 3170 791 3210 nec
819 3154 957 3211 incendio.
978 3153 1055 3209 Sicut
1078 3154 1152 3209 enim

447 3247 533 3302 ,mala
549 3246 677 3301 oriuntur
689 3261 722 3301 es
744 3246 825 3301 bonis
844 3248 959 3314 nuntiis,
975 3248 1014 3303 sic
1031 3244 1104 3302 Deos
1118 3264 1152 3303 es

451 3335 528 3394 elicit
547 3335 656 3407 aliquod
681 3336 793 3392 bonurn.
825 3336 926 3393 Eodem
953 3354 1026 3393 arum
1049 3337 1152 3394 iiedio·

447 3446 492 3489 scs
506 3439 638 3501 ceperunt
662 3439 782 3484 castrum
809 3428 994 3500 Papiensionr,
1017 3429 1152 3501 liegenale

1205 2319 1233 2366 ct
1248 2312 1376 2381 populata
1401 2328 1435 2366 ex
1453 2327 1551 2382 magna
1566 2322 1653 2383 parte,
1678 2323 1705 2369 et
1718 2314 1874 2382 combusta,
1902 2325 1994 2388 tyran-

1206 2420 1259 2459 nos
1280 2404 1376 2473 elingit
1398 2403 1542 2472 isacbins;
1567 2407 1721 2462 restituitur
1733 2418 1760 2463 et
1775 2411 1887 2465 Alesios
1902 2410 1994 2465 adole-

1205 2511 1297 2564 scens,
1315 2499 1343 2553 in
1359 2514 1452 2555 mense
1466 2497 1541 2555 iulio
1559 2499 1586 2555 in
1615 2502 1730 2557 eeclesia
1754 2501 1862 2559 Sanctae
1885 2503 1994 2573 Sophiae

1205 2590 1350 2659 nraguilice
1370 2600 1529 2647 coronatur.
1560 2588 1657 2647 Postea
1683 2610 1745 2648 cunr
1770 2592 1856 2648 Graeci
1881 2593 1994 2648 Latinos

1205 2683 1313 2753 publico
1329 2683 1438 2754 injuriis
1460 2685 1554 2740 multis
1567 2686 1715 2753 adicerent,
1727 2697 1755 2742 et
1777 2688 1904 2759 privatim
1921 2688 1995 2742 ocei-

1204 2776 1311 2845 tlereut,
1336 2776 1427 2834 Latini
1455 2780 1551 2835 urbem
1577 2780 1799 2847 corubnsserunt,
1823 2789 1851 2837 et
1873 2781 1993 2851 medam

1205 2870 1353 2927 maximam
1374 2879 1598 2941 exportaverunt.
1615 2871 1656 2926 Ad
1672 2871 1732 2927 brec
1746 2887 1807 2927 cunr
1821 2885 1850 2926 se
1861 2880 1994 2942 tyrannos

1204 2963 1414 3033 Andriuopolim
1431 2965 1590 3034 recepisset,
1608 2964 1757 3034 imperator
1783 2964 1894 3035 junonis
1907 2964 1993 3019 eolle-

1204 3068 1248 3114 cto
1261 3058 1383 3113 exercitu
1397 3073 1461 3113 curn
1491 3057 1641 3113 baronibus
1654 3074 1716 3112 curu
1738 3057 1851 3124 fugarit,
1863 3065 1892 3112 et
1906 3055 1993 3112 Tbru-

1203 3151 1276 3206 ciam
1302 3150 1354 3205 sibi
1378 3150 1544 3222 subjugarit.
1570 3149 1624 3206 Sed
1651 3167 1713 3206 cum
1732 3150 1869 3220 peregrini
1886 3150 1994 3219 utagnis

1204 3245 1397 3300 remunerandi
1415 3244 1558 3314 promissis
1577 3246 1721 3309 instarent,
1736 3243 1931 3299 beneficiorum
1949 3243 1994 3299 iu-

1204 3349 1311 3410 gratus,
1335 3340 1405 3394 elam
1424 3349 1452 3394 et
1472 3341 1561 3410 palam
1580 3339 1708 3394 beneficis
1721 3339 1893 3395 adversatur.
1909 3337 1994 3411 lgitur

1204 3432 1275 3488 inter
1285 3415 1387 3488 enarret
1408 3431 1522 3487 Latinus
1537 3432 1652 3488 zizaniis
1666 3432 1820 3499 seminatis,
1836 3431 1924 3487 Graeci
1946 3434 1994 3488 ba·

447 3540 478 3581 n.
499 3527 579 3579 Anno
596 3522 703 3578 Domini
718 3523 805 3592 libi,
819 3523 891 3578 inter
909 3522 1110 3579 Cremonenses
1125 3535 1186 3601 etg
1203 3523 1300 3579 Dentes
1315 3537 1379 3578 eum
1404 3539 1530 3590 exosum,
1554 3524 1701 3595 quomdam
1723 3522 1915 3580 Constantium
1935 3522 1992 3594 (tu)

447 3618 537 3674 utiuos
551 3617 626 3688 pacis
644 3617 748 3674 ioedera
775 3625 986 3687 componuntur.
1002 3615 1063 3683 Quo
1076 3632 1150 3674 anno

460 3706 577 3764 inbilaeo
589 3707 645 3764 lere
670 3709 696 3764 in
714 3717 769 3762 tota
782 3706 949 3762 bombardia
975 3716 1076 3778 treugae
1090 3709 1151 3763 rin·

448 3806 494 3855 tor
509 3799 537 3854 iu
550 3799 650 3856 lustro.
661 3798 691 3854 in
705 3815 760 3870 quo
775 3799 863 3853 lustro
878 3799 935 3869 (tt)
950 3799 1087 3854 maximus
1097 3799 1150 3855 luit

447 3909 456 3950 t
483 3893 688 3964 peregrinorum
714 3891 837 3947 euntium
862 3892 932 3946 ultra
963 3907 1047 3948 tuane.
1077 3890 1150 3949 luter

447 3983 522 4042 lucre
540 3986 669 4058 praecipui
695 3984 843 4042 balduinus
858 4001 950 4041 comes
961 3985 1148 4053 flandrensis,

447 4078 560 4135 doricus
574 4094 667 4134 eomes
695 4078 844 4145 blesensis,
864 4086 892 4133 et
906 4076 1064 4136 Bonilacius
1076 4095 1151 4133 mar·

447 4171 662 4242 linaiis-serrati,
689 4173 735 4245 qni
748 4188 844 4230 ouanes
859 4174 930 4244 apud
946 4173 1073 4232 i'euetias
1083 4189 1150 4231 eou-

447 4332 457 4402 i
478 4329 542 4386 tloec
556 4333 749 4402 itueffrruntnr
763 4337 789 4389 iu
801 4337 889 4390 codice
905 4333 1010 4390 Ertertsi
1024 4351 1033 4389 .·
1054 4334 1150 4392 ilerito

447 4401 616 4467 miribilaeu
632 4418 727 4474 «puroet
744 4408 770 4461 in
792 4408 955 4462 renosstone
974 4417 1148 4477 peccaturum

447 4489 483 4530 rra
509 4471 677 4531 Hierusalem
700 4479 866 4532 tendentium
883 4481 1087 4547 peregrinorum
1103 4495 1150 4532 ae·

448 4561 482 4601 ut·
504 4546 659 4601 multitudo.
677 4547 748 4603 inter
759 4565 829 4618 quos
845 4550 920 4604 litere
943 4550 1072 4619 praecipui
1088 4547 1150 4603 liul-

448 4633 466 4672 s
479 4631 571 4673 comes
589 4615 773 4683 Florulrrnsis,
798 4618 953 4675 bodonicus
979 4633 1072 4673 comes
1088 4618 1148 4674 blu-

1201 3618 1392 3686 imperatorem
1407 3615 1536 3672 ellieiont.
1545 3615 1666 3687 Populus
1678 3627 1767 3672 autem
1778 3617 1905 3673 Alexium
1917 3614 1992 3671 blor-

1201 3707 1314 3764 sudium
1339 3708 1495 3772 coronarit,
1513 3709 1611 3780 inqua
1638 3709 1813 3765 contentione
1840 3717 1993 3779 praepoteus

1200 3799 1253 3856 init
1269 3801 1383 3856 Alesios
1408 3801 1454 3857 ille
1476 3801 1646 3857 ilursndius.
1666 3801 1834 3858 Adulescens
1849 3817 1916 3858 rero
1928 3800 1993 3859 Aie-

1200 3894 1263 3950 aios
1291 3909 1354 3950 cum
1381 3894 1426 3950 rix
1450 3902 1591 3967 regnasset
1617 3895 1760 3950 mensibus
1776 3909 1816 3949 ru
1833 3893 1890 3966 (50(
1905 3892 1992 3951 sudo·

1200 3996 1278 4046 catur
1295 4007 1303 4058 ;
1318 4000 1395 4061 pater
1406 3991 1467 4061 ejus
1486 3989 1609 4071 lsacbius
1626 3991 1753 4045 moritur.
1780 3988 1940 4046 ilorsudins
1952 3999 1995 4067 tg-

1200 4099 1306 4140 rannus
1323 4083 1358 4140 dc
1373 4084 1510 4140 solutione
1536 4083 1678 4153 pecuniale
1699 4098 1714 4137 a
1734 4081 1886 4153 peregrinis
1908 4083 1995 4153 impe-

1202 4174 1280 4243 titus,
1293 4177 1400 4233 soluere
1421 4176 1560 4234 dililtctur.
1576 4177 1748 4247 Quapropter
1772 4175 1866 4232 ileucti
1890 4177 1994 4247 pariter

1200 4337 1331 4404 palatium
1358 4338 1516 4395 Dlncbrrnm
1542 4338 1720 4403 obsederunt,
1747 4338 1887 4464 ocligblta,
1908 4337 1993 4393 idest

1200 4409 1287 4465 beata·¹
1301 4409 1422 4480 Virginis
1440 4410 1530 4474 ictrrra,
1557 4412 1591 4464 ab
1607 4410 1775 4482 erorrgelista
1822 4425 1873 4464 uca
1887 4406 1992 4478 Virgini

1200 4481 1383 4545 conformata,
1397 4481 1430 4536 ad
1446 4480 1637 4537 eortiusiunem
1652 4481 1773 4536 bostium
1795 4480 1934 4536 nroenibos
1945 4494 1994 4532 su-

1200 4553 1372 4620 perponitur,
1402 4554 1449 4607 sed
1478 4568 1493 4606 a
1520 4550 1627 4609 Latinis
1656 4554 1826 4607 reverentius
1848 4551 1991 4604 adoratur.

1201 4620 1305 4679 Deinde
1327 4622 1542 4693 basilogrnpliia,
1559 4623 1585 4676 id
1605 4631 1648 4678 est
1663 4619 1765 4692 iugalis
1789 4622 1927 4690 scriptura
1941 4634 1992 4674 co-

447 4704 463 4753 r,
488 4702 608 4744 necnon
636 4699 663 4743 et
677 4689 835 4745 bonifacius
856 4691 979 4745 nrarclrio
993 4688 1149 4745 liuntisier·
1197 4687 1308 4756 lusdanr
1335 4695 1473 4763 propbeta
1495 4691 1741 4757 bannens-Aetna,
1760 4692 1992 4762 ‹pridelmpera·

447 4757 540 4813 sodon
558 4772 631 4813 anno
648 4760 697 4813 init
713 4773 791 4816 terrae
812 4771 903 4817 ntutns
919 4776 1034 4831 uraguus
1058 4763 1085 4815 in
1098 4760 1148 4833 Sp·-

450 4843 487 4883 oo
501 4830 626 4884 ciuitates
636 4839 663 4883 et
676 4831 773 4901 oppida
788 4842 953 4887 annuerunt
966 4848 974 4898 ;
988 4833 1070 4886 ctiam
1089 4835 1147 4902 ipsa

1200 4768 1291 4818 toroni
1299 4762 1665 4834 constantinopolitanorum
1674 4761 1897 4819 successionibus
1909 4763 1993 4832 arnig-

1203 4845 1274 4888 tttata
1302 4836 1424 4905 scripsit,
1439 4835 1600 4905 producitur
1613 4834 1640 4888 in
1652 4834 1743 4889 medio
1761 4851 1768 4900 ;
1785 4833 1906 4888 obicum
1920 4832 1993 4900 lege-

447 4897 522 4956 llere
541 4901 645 4955 corruit
664 4917 802 4969 nunersa,
824 4912 852 4958 et
868 4902 1009 4958 stellarum
1035 4904 1093 4958 risa
1107 4911 1150 4958 est
1165 4920 1188 4975 ῃ
1203 4916 1289 4971 retur,
1305 4907 1378 4977 quod
1394 4909 1470 4961 natio
1483 4905 1553 4959 tlara
1568 4905 1681 4960 caesarie
1697 4913 1810 4959 retitura
1825 4913 1899 4959 esset
1915 4903 1993 4957 ttrlris

447 4970 506 5024 dem
532 4971 671 5041 provincia
692 4974 810 5028 trrosirna
833 4974 1023 5028 dimicantium
1048 4989 1149 5055 pugna,

447 5054 480 5094 rm
495 5039 729 5112 septentrionales
753 5046 787 5100 tle
803 5043 988 5099 Orientalibus
1006 5044 1149 5100 uictoriam

447 5110 531 5166 ebant.
544 5112 622 5180 Quod
640 5129 694 5169 non
723 5125 764 5170 est
778 5117 937 5185 arubiguurn
950 5113 1035 5169 loturi
1050 5115 1150 5170 excidii

448 5181 526 5264 ,giom
540 5183 687 5239 exstitisse.
704 5183 771 5239 Nam
812 5186 914 5240 rrud‘reti
927 5186 1062 5255 peregrini
1077 5186 1150 5255 apud

447 5268 493 5308 ras
507 5256 674 5325 cougregati,
689 5272 751 5309 curn
804 5261 891 5312 enetis
905 5259 956 5309 iter
974 5256 1148 5326 arripientes,

447 5346 451 5373 t
464 5321 579 5380 zadram
592 5327 770 5397 municipium
781 5325 922 5382 Dalmatiae
935 5325 1149 5382 munitissimum

449 5410 466 5449 o
491 5395 631 5450 Adriatico
658 5397 752 5462 sitnm,
775 5395 886 5452 i'errotis
905 5397 987 5452 nimis
1008 5397 1148 5466 inl'cstotu,

447 5476 522 5521 rante
542 5466 690 5521 reumabili
714 5470 772 5524 niro
798 5467 915 5524 llerrrieo
933 5467 1148 5536 Dandaloduce,

448 5536 673 5600 lioilenetotnm,
699 5539 854 5603 irrraduut;
872 5540 943 5608 nuod
963 5554 1018 5592 non
1036 5540 1083 5593 diu
1097 5540 1148 5595 ub·

447 5623 469 5662 nr
484 5605 578 5664 ilcueti
595 5609 799 5665 destruxerunt.
816 5609 919 5664 luter-ea
936 5608 1008 5664 lilius
1032 5609 1149 5681 impera-

447 5677 540 5735 lsaebil
555 5680 701 5748 praedictus
721 5697 789 5753 puer
815 5683 927 5737 Alesios
940 5681 974 5735 de
988 5694 1098 5736 earcere
1114 5678 1149 5737 li·

448 5764 484 5813 rs,
498 5748 651 5820 Plrilippunt
664 5763 810 5824 cognatum
829 5767 909 5807 snum
934 5751 1001 5805 adiit
1018 5751 1149 5807 Alaman-

447 5835 532 5893 rrgeur
557 5823 733 5892 supplicans,
759 5833 788 5877 ut
812 5825 863 5878 sibi
886 5823 1020 5877 auxilium
1047 5824 1148 5894 imper-

447 5965 455 6033 i
479 5964 569 6021 Codes
595 5966 698 6024 Ertens.
725 5968 825 6021 addit:
845 5967 925 6044 Annp
944 5962 1052 6021 Domini
1066 5966 1146 6032 12⁰5,

452 6033 505 6092 luit
517 6038 686 6121 locustarum
702 6040 858 6104 multitudo,
876 6047 951 6110 quon
965 6039 1146 6106 germinantia

447 6118 553 6164 uerunt
564 6125 699 6166 unrrersa.

447 6184 464 6253 ’t
476 6178 509 6234 lu
520 6182 578 6238 cod.
592 6179 694 6237 dareris.
706 6183 761 6238 aar
774 6185 812 6239 itu
822 6184 1008 6244 deseribuntur
1019 6200 1028 6241 :
1038 6183 1145 6245 orcum

1201 4977 1322 5042 excidio,
1342 4977 1491 5047 urbemque
1516 4976 1592 5046 gravi
1612 4986 1802 5046 expugnatura
1827 4974 1933 5046 praelio,
1950 4983 1993 5027 ta·

1203 5065 1265 5104 trien
1276 5050 1310 5103 ad
1327 5049 1463 5112 oltirnnnr,
1480 5046 1564 5115 lqtrod
1588 5045 1616 5100 in
1632 5047 1706 5116 ipsos
1717 5047 1835 5127 decidat)
1858 5045 1993 5116 peritura,

1202 5121 1255 5175 buc
1276 5119 1349 5175 lacto
1363 5119 1457 5174 conlisi
1469 5117 1565 5172 Aelriri
1577 5127 1687 5186 rugiente
1701 5117 1812 5170 irruunt
1827 5131 1853 5169 ιιι
1869 5115 1991 5168 Latinos.

1202 5191 1316 5248 Deunuu
1330 5192 1397 5243 urbe
1414 5197 1486 5242 terra
1507 5187 1633 5257 marique
1654 5187 1770 5242 viriliter
1782 5188 1951 5257 impugnata,
1966 5196 1994 5239 et

1201 5278 1233 5316 er
1256 5277 1355 5332 trragua
1380 5268 1455 5330 parte
1474 5260 1634 5323 cotubustu,
1655 5268 1789 5328 tyrannus
1812 5258 1928 5327 arri'ogit.
1950 5255 1991 5309 Ad

1203 5333 1259 5387 baec
1281 5331 1404 5386 lsarlrius
1418 5329 1580 5395 restituitur,
1602 5338 1630 5383 et
1649 5329 1762 5383 Alesios
1785 5330 1945 5383 adolescens
1963 5328 1991 5381 in

1201 5407 1296 5458 mense
1314 5400 1387 5455 lulio
1403 5402 1430 5454 in
1454 5401 1569 5456 ecelesia
1595 5398 1702 5454 Sanctae
1718 5399 1828 5468 Sopbiae
1849 5399 1993 5469 magnibce

1201 5483 1357 5529 coronatur.
1377 5472 1474 5527 Postea
1492 5486 1555 5526 cnm
1576 5469 1664 5525 Graeci
1685 5469 1799 5527 Latinos
1822 5470 1931 5541 publice
1947 5470 1992 5524 in·

1200 5547 1281 5615 juniis
1295 5545 1388 5598 ruentis
1407 5545 1556 5607 allicerent,
1575 5551 1602 5596 et
1615 5542 1743 5611 priuatim
1760 5541 1927 5607 occiderent,
1938 5539 1988 5594 La·

1201 5618 1251 5671 tud
1263 5632 1339 5670 arrno
1366 5627 1516 5680 sunmntes,
1540 5627 1640 5668 rursus
1652 5614 1749 5668 urbem
1765 5612 1990 5678 combusserunt,

1200 5697 1227 5742 et
1249 5688 1366 5756 praedam
1388 5688 1536 5742 rrraxiuunn
1562 5694 1753 5756 asportarunt.
1780 5683 1821 5739 Ad
1842 5683 1899 5737 baec
1927 5699 1989 5739 cour

1200 5768 1334 5830 tyrannos
1364 5773 1394 5814 se
1422 5757 1635 5826 Antoninupolim
1668 5757 1843 5827 recepisset,
1869 5757 1990 5825 impera-

1200 5839 1244 5886 tor·
1272 5831 1382 5899 jnneuis
1410 5845 1473 5885 eurn
1502 5827 1618 5884 collecto
1641 5832 1764 5884 exercitu
1789 5843 1852 5886 cum
1878 5826 1990 5882 baroni-

1199 5902 1251 5957 bus
1266 5901 1406 5972 etl'ugarit,
1422 5911 1450 5958 et
1464 5902 1516 5959 sibi
1540 5912 1641 5958 terram
1655 5901 1822 5974 subiugavit.
1844 5899 1897 5957 Sed
1913 5913 1987 5964 cum,

1199 5982 1251 6029 eie.
1773 5994 1779 6004 ¹

1235 6046 1281 6117 (te
1306 6045 1380 6101 ‘cod
1393 6044 1520 6102 Eirene:
1535 6043 1758 6104 Constantinum.

1235 6117 1281 6190 l5⁰
1312 6115 1670 6178 God.Ertrnr.:llsusil)us
1685 6133 1723 6175 rr.
