5125 7059
343 713 400 770 905
909 702 1079 761 erusteus
1096 701 1141 756 DE
1158 698 1397 757 conscissus.
1910 694 1969 750 906

345 829 419 882 erriru
434 826 599 899 protundum
618 825 710 897 abyssi
725 824 865 879 exhauriri
885 838 941 878 non
957 830 1046 893 potest
1059 836 1075 874 a
1086 834 1134 875 co-
1149 827 1170 882 Λ
1186 819 1213 875 liu
1230 819 1300 888 ipso,
1318 825 1345 872 ct
1360 816 1417 885 ipsc
1433 814 1460 868 in
1475 814 1555 869 nohis
1566 813 1656 879 fucrit,
1671 825 1733 868 cnru
1746 810 1805 881 ipsc
1816 809 1869 866 erit
1881 810 1970 864 aronio

346 918 524 985 gitationibus
538 917 606 975 suis.
627 916 701 972 hiare
713 931 842 985 magnum
856 923 899 971 est
919 921 946 970 et
971 913 1133 984 spatiosum.
1186 916 1212 967 irr
1227 912 1349 967 omnibns
1364 907 1390 977 (l
1406 908 1469 962 Gor.
1486 907 1543 978 ιι).

346 1007 394 1062 uhi
414 1007 529 1074 reptilia,
553 1022 666 1076 anomia
687 1021 739 1060 narr
759 1015 799 1060 rat
822 1019 947 1059 cameras
959 1003 1046 1074 (Paul.
1061 1002 1133 1073 orn).
1219 1002 1334 1073 Proptm
1347 999 1399 1054 hoc
1409 1007 1464 1053 tani
1480 1013 1576 1055 secure
1589 1012 1670 1068 quarn
1685 995 1864 1053 sinocrealihi
1878 996 1972 1067 loque-

346 1096 433 1162 Quam
448 1096 516 1150 bene
534 1094 600 1150 dicit
611 1095 737 1164 reptilia!
751 1093 909 1151 sicutenim
933 1093 1031 1163 reptile
1048 1092 1136 1148 laten·
1186 1096 1267 1151 batur
1281 1111 1288 1145 ε
1304 1091 1398 1148 Certos
1412 1107 1481 1156 ram,
1497 1092 1545 1154 ait,
1560 1090 1623 1160 gaia
1640 1105 1719 1158 neque
1732 1105 1805 1144 murs
1820 1088 1972 1158 moenita,

346 1196 390 1241 ter
408 1187 489 1256 repit,
513 1193 541 1239 ct
563 1184 685 1241 sinuosis
707 1183 878 1239 autraenhus
894 1182 948 1237 buc
963 1181 1137 1254 illucrpnedc·
1185 1200 1274 1256 nerpue
1301 1182 1356 1238 alia
1375 1182 1471 1246 multa,
1497 1182 1552 1236 imo
1576 1196 1645 1251 pene
1659 1182 1762 1244 omnia,
1777 1195 1839 1251 quar
1852 1179 1890 1235 ibi
1905 1195 1974 1235 enu-

346 1276 470 1331 aruhulat
485 1290 492 1328 :
507 1283 535 1331 ct
556 1273 676 1330 hominis
693 1274 892 1331 conscientiam
906 1279 1047 1327 venenatae
1058 1270 1135 1341 eogi-
1185 1276 1311 1336 meraris.
1338 1281 1459 1343 potemur
1475 1289 1516 1326 rue
1533 1287 1657 1340 reparare
1670 1270 1826 1325 oelrarirrrte
1840 1271 1900 1336 bei,
1916 1287 1975 1341 qao

345 1367 465 1422 nemum
480 1366 602 1422 suaviter
614 1366 720 1421 intrant
734 1374 762 1420 er
775 1373 890 1428 ereum,
912 1372 942 1419 ur
968 1364 1071 1419 omoiot
1085 1361 1137 1416 ho·
1184 1377 1224 1422 err
1236 1369 1263 1420 tu
1284 1364 1390 1421 cortou
1404 1362 1468 1418 tera
1487 1361 1663 1434 thamorru.
1679 1362 1712 1417 Er
1727 1377 1789 1416 curu
1805 1370 1845 1416 ror
1858 1369 1885 1417 er
1899 1369 1975 1415 roura

347 1472 404 1519 nro.
420 1458 493 1512 unde
509 1457 619 1511 reniam
647 1461 694 1508 aut
721 1469 777 1524 noo
801 1452 913 1509 sadoni-
939 1451 1058 1506 Noverat
1072 1451 1135 1516 hoc,
1185 1457 1311 1516 dixisset.
1326 1468 1421 1516 unum,
1436 1452 1561 1508 ridelioet
1576 1454 1713 1524 propriam
1726 1451 1893 1507 voluntatem
1909 1451 1977 1504 roti-

345 1549 394 1617 ‹gui
409 1547 518 1603 dicebat
535 1563 541 1598 :
557 1546 673 1600 Praaaur
690 1555 730 1599 cat
756 1562 802 1599 cor
824 1544 937 1598 lromirria
957 1551 981 1597 et
1002 1543 1136 1596 inscrata-
1186 1546 1257 1609 nuit,
1277 1559 1337 1614 quae
1349 1544 1508 1600 salvationis
1531 1550 1558 1598 ct
1580 1542 1764 1599 damnationis
1778 1549 1925 1599 causaest.
1943 1541 1975 1595 Et

345 1633 408 1699 ΜΘ.
421 1642 446 1687 et
459 1634 528 1703 (μὴ,
545 1632 644 1703 inquil.
669 1642 804 1701 toprroacrt
818 1631 885 1685 illud
899 1629 966 1698 (ter.
983 1630 1062 1699 xrrr).
1081 1629 1136 1687 rire
1187 1636 1297 1691 attende
1308 1635 1445 1694 nuornodo
1457 1635 1502 1690 uir
1512 1631 1568 1688 beu
1583 1635 1679 1704 merrus
1689 1633 1884 1689 conscientiam
1897 1647 1975 1687 suam

345 1722 451 1778 dietum
485 1725 543 1793 piria
571 1739 620 1794 pro
648 1723 770 1792 difficile,
794 1722 842 1778 sed
872 1737 922 1791 pro
955 1724 1136 1790 irnpoaaibr'le‚·
1187 1728 1288 1781 dixerit
1308 1727 1522 1796 glorianrarrom,
1548 1732 1678 1796 tanquanr
1700 1739 1759 1779 cam
1782 1725 1861 1795 plene
1875 1724 1977 1779 intelli-

345 1815 412 1885 quia
426 1814 500 1885 quod
519 1815 715 1871 scrutationem
732 1828 789 1869 non
805 1814 911 1884 recipit,
928 1829 978 1869 noo
1003 1814 1137 1884 cognitio·
1187 1833 1264 1889 gens,
1276 1826 1303 1872 et
1319 1833 1348 1873 sc
1363 1820 1390 1873 in
1405 1833 1447 1886 ca,
1460 1829 1487 1874 et
1500 1818 1610 1881 dixerit,
1623 1831 1717 1872 senon
1728 1817 1890 1886 intelligere,
1902 1814 1976 1887 qnod

346 1921 421 1960 nem.
1187 1919 1327 1979 oporatur,
1351 1911 1549 1965 conscientiam
1571 1923 1648 1964 suam
1668 1924 1723 1962 non
1740 1909 1796 1978 jorn
1814 1908 1842 1962 in
1862 1908 1976 1979 gloriam

385 1996 452 2053 l'ide
473 1998 550 2053 illam
572 2013 699 2068 ramnum
720 1997 885 2067 apostolum,
899 1994 1014 2051 Paulum
1028 1996 1136 2066 lorgnor,
1188 2001 1235 2056 sed
1254 2002 1280 2054 in
1297 2001 1479 2070 ignorantiam
1491 1999 1645 2070 capiimus.
1662 1998 1766 2055 helecit
1780 2014 1846 2070 ergo
1860 1998 1979 2068 Aposto-

346 2088 460 2142 unictrru
479 2097 659 2143 scrutatorem
680 2087 854 2143 eorrscieuriae
867 2102 924 2143 suae
940 2102 948 2138 a
963 2085 1032 2140 llilri
1049 2097 1136 2141 arrtcnr
1188 2091 1232 2147 lus
1254 2099 1383 2147 scrutans
1406 2090 1540 2147 scrutinio
1565 2092 1760 2146 conscientiam
1785 2104 1863 2145 suam
1887 2089 1977 2160 (Paal.

345 2196 394 2248 pro
408 2180 516 2233 minimo
526 2189 576 2245 est,
604 2190 662 2233 ata
685 2179 755 2234 rabia
765 2179 870 2249 judicer
891 2188 938 2232 curt
959 2178 993 2232 ab
1021 2179 1136 2234 normano
1151 2155 1173 2210 B
1186 2180 1284 2249 ιιιιι);
1305 2188 1333 2234 el
1343 2180 1409 2235 dum
1422 2180 1457 2235 ad
1467 2179 1632 2251 proluuduur
1647 2180 1708 2248 cius
1720 2179 1862 2250 peruenire
1878 2194 1908 2234 se
1921 2193 1979 2233 crc-

345 2272 389 2326 die
400 2270 428 2344 (1
441 2270 504 2326 Cor.
515 2270 564 2342 ιι).
581 2270 651 2327 Eece
670 2270 808 2340 quomodo
832 2271 982 2325 humanum
1000 2271 1135 2340 judiciuin
1187 2270 1268 2338 didit,
1279 2271 1399 2326 alienum
1414 2270 1550 2339 judicium
1563 2278 1591 2326 et
1604 2285 1684 2326 snum
1701 2285 1849 2333 evacuans,
1862 2270 1979 2324 incurrit

345 2371 471 2418 eraserat
494 2362 562 2416 nihil
575 2361 706 2416 dubitans
716 2362 752 2416 ab
763 2361 818 2423 his.
836 2361 884 2431 gui
903 2359 970 2417 loris
984 2363 1067 2417 sunt!
1083 2360 1136 2416 Sed
1187 2361 1365 2434 protundum.
1382 2363 1487 2418 scilicet
1508 2361 1642 2431 judiciuin
1666 2360 1724 2425 liei,
1743 2360 1815 2431 quod
1834 2368 1979 2431 penetrare

346 2470 440 2526 uagae,
469 2453 568 2522 inquit,
593 2468 633 2506 nrc
647 2452 733 2522 ipram
744 2451 838 2521 judico
853 2451 951 2523 (ibid).
974 2451 1008 2508 tn
1024 2452 1136 2517 obiret,
1187 2468 1243 2506 nou
1257 2452 1339 2507 valet.
1369 2451 1404 2506 lit
1418 2452 1475 2520 janu
1490 2449 1902 2506 relconreutnsreloonvictus
1915 2464 1979 2504 eru-

346 2543 478 2614 Apustolc
490 2551 595 2609 sancte,
612 2544 724 2599 rerhum
740 2543 781 2598 tui
794 2543 882 2613 ipsius
895 2543 1031 2599 dicentis:
1048 2543 1137 2600 sinor
1187 2549 1241 2597 ctct
1257 2541 1383 2596 :iudicio
1394 2551 1440 2595 tau
1465 2557 1519 2597 non
1529 2540 1611 2596 modo
1623 2541 1750 2611 abyssus,
1761 2540 1809 2598 sed
1823 2548 1851 2596 et
1867 2540 1978 2611 abgam

347 2637 418 2703 ipsos
438 2635 631 2704 jurlt'earamrra,
653 2652 706 2688 aon
727 2636 816 2705 srtqae
830 2635 1035 2704 judicaremur!
1049 2636 1137 2707 (ibid.)
1187 2633 1274 2687 malta
1291 2633 1485 2704 (Ponitur).

347 2726 404 2782 Cur
414 2734 441 2780 te
453 2726 542 2794 ipsunt
553 2726 595 2781 rel
610 2726 681 2782 nolis
691 2726 733 2780 rel
747 2725 905 2782 dissimules
913 2725 1137 2794 judicarelhudi
1224 2724 1294 2791 Quid
1321 2725 1452 2780 iaciemus
1466 2738 1516 2779 nos
1534 2721 1626 2777 miseri
1648 2729 1675 2776 et
1690 2721 1873 2787 miserabiles,
1890 2722 1914 2777 si
1934 2721 1980 2776 ille

347 2817 452 2888 quare?
466 2814 553 2881 tttlrn,
577 2816 625 2881 ait,
641 2816 706 2870 rrrr'lri
730 2817 850 2872 raamias
871 2832 929 2870 ram
946 2816 1047 2888 (ibid).
1062 2817 1138 2874 Felix
1187 2819 1235 2888 qui
1252 2817 1313 2888 plus
1333 2811 1787 2872 ouruthuslahorari120uieriaur
1804 2813 1923 2884 claviger
1936 2827 1981 2869 re·

347 2906 516 2963 conscientia
540 2922 594 2962 non
619 2908 730 2963 conscia
752 2907 807 2965 sihi
825 2908 854 2963 iu
876 2909 979 2978 aliquo,
995 2925 1056 2981 qum
1074 2925 1139 2981 pro·
1188 2909 1235 2980 gni
1248 2923 1312 2963 curn
1328 2906 1470 2962 toauuect
1484 2905 1588 2960 laeoho
1603 2905 1671 2959 nihil
1690 2906 1842 2961 contulisse
1855 2905 1979 2972 videtum

349 2998 440 3069 priurn
473 2997 607 3068 judicium
641 3013 697 3053 nou
731 2997 860 3055 seretur!
893 2997 1022 3064 Videsne,
1055 3015 1138 3071 quam
1188 3000 1236 3070 qui
1266 2999 1407 3070 usquead
1433 3000 1544 3053 tertium
1572 2997 1672 3053 coelum
1693 2995 1978 3068 raptnsestlllCor.

348 3089 463 3143 sublimi
494 3090 703 3145 conuersatione
738 3099 766 3146 et
792 3091 913 3146 alienum
942 3099 970 3147 et
997 3092 1138 3162 proprium
1188 3091 1250 3160 ιιι).
1266 3091 1303 3144 ita
1318 3091 1351 3145 de
1363 3104 1393 3145 se
1403 3089 1464 3159 ipso
1474 3089 1556 3144 sentit
1570 3097 1596 3144 et
1609 3087 1855 3158 loquiturlsednt
1862 3088 1920 3157 iam
1933 3097 1980 3143 to·

347 3178 484 3248 judicium
508 3193 563 3235 nou
594 3178 726 3233 timebat!
754 3176 832 3234 Latet
853 3179 944 3235 adhuc
969 3179 1084 3251 laqueus
1112 3188 1140 3234 et
1188 3189 1259 3244 tuni,
1278 3179 1352 3249 qtrod
1376 3183 1410 3235 de
1437 3179 1606 3236 conscientia
1630 3178 1732 3244 sentio,
1748 3179 1840 3235 verbis
1857 3179 1939 3236 nudis
1953 3189 1981 3236 et

350 3267 430 3324 [orca
458 3285 556 3340 magna
582 3284 631 3324 us
650 3269 807 3338 electionis,
828 3271 876 3327 sed
891 3272 939 3342 qui
959 3272 1139 3343 rigilnrrtissi-
1189 3272 1267 3343 puris
1286 3279 1339 3326 tute
1352 3270 1465 3341 puritati
1483 3269 1616 3340 aperiam,
1636 3276 1755 3339 qunuor
1771 3269 1980 3325 distinctionum

350 3375 426 3414 nrum
446 3360 522 3415 illum
536 3360 646 3416 oculum
659 3369 735 3416 tuum
749 3377 805 3419 non
818 3363 906 3433 possit
923 3362 1050 3435 ettugcre.
1068 3363 1140 3419 Sub-
1190 3364 1287 3417 utodos
1305 3363 1446 3428 assignare
1460 3359 1580 3423 decrevi,
1603 3367 1632 3414 nt
1655 3359 1728 3430 qnod
1743 3360 1928 3431 particulatim
1938 3359 1982 3414 di-

347 3451 441 3521 junxit
452 3451 545 3507 euim:
561 3451 612 3507 Sed
628 3468 680 3507 narr
693 3453 721 3506 iu
734 3451 953 3522 lacinctirieanra
967 3470 1028 3508 arrrrr
1038 3455 1137 3527 (ibid).
1153 3496 1175 3554 c
1191 3454 1322 3510 stinotunr
1332 3450 1425 3517 luerit,
1435 3452 1541 3522 legatur
1552 3449 1672 3516 dulcius,
1682 3450 1780 3507 melius
1790 3459 1980 3508 conservetur.

352 3542 386 3597 ΕΙ
401 3542 504 3598 “¹⁶³⁶st
525 3561 532 3598 ²
552 3540 606 3609 (Μ
629 3552 717 3597 “⁸¹²³'‘
734 3542 839 3612 ΜΨ
867 3559 918 3607 ”⁸⁶⁸
945 3543 1074 3598 ⁰⁰'”⁵¹'⁸⁸
1101 3558 1140 3601 “¹
1191 3565 1256 3622 Car.
1269 3563 1299 3620 ll.
1325 3563 1365 3619 Dc
1377 3563 1545 3636 quadruplici
1558 3564 1729 3619 conacientr'a.
1754 3563 1846 3619 Primo
1868 3564 1900 3619 dc
1919 3581 1982 3618 corr·

352 3633 622 3704 (tirannorum
636 3634 746 3689 tertium
755 3633 889 3703 judicium
904 3632 962 3698 liei,
975 3635 1141 3706 quodetiam
1386 3635 1496 3689 scientia
1508 3633 1577 3688 bona
1590 3642 1615 3687 rt
1632 3634 1786 3704 tranquilla.

353 3728 399 3781 illa
412 3725 605 3797 purgatissima
615 3725 848 3780 corraeicntianon
859 3725 1076 3796 comprehendit,
1093 3741 1142 3783 ne·
1227 3727 1402 3783 Conscientia
1417 3726 1469 3779 alia
1494 3725 1566 3780 hona
1584 3731 1611 3780 et
1626 3725 1783 3795 tranquilla,
1798 3724 1851 3780 alia
1865 3725 1937 3781 bona
1955 3734 1983 3782 et

353 3817 446 3873 sciens
458 3818 535 3885 juxta
551 3816 730 3885 Scripturanr,
740 3825 828 3870 rrtrnrn
841 3814 902 3869 odia
916 3832 950 3870 au
961 3832 1051 3871 ornare
1062 3818 1142 3888 digua
1192 3819 1301 3873 tnrlrata
1317 3817 1387 3871 :alin
1400 3816 1471 3869 nrala
1484 3823 1512 3870 et
1523 3813 1681 3885 tranquilla,
1699 3813 1752 3868 alia
1767 3815 1838 3868 tuda
1848 3821 1875 3869 et
1890 3815 1984 3869 turha·

351 3910 399 3974 αἰ,
413 3924 475 3963 carn
486 3908 574 3961 ourniu
588 3908 611 3961 ei
623 3908 648 3960 in
661 3916 794 3974 posteram
808 3916 970 3962 reterrerrtar
980 3905 1079 3978 (Eccle.
1092 3907 1141 3978 rx).
1193 3917 1231 3963 ta.
1243 3907 1364 3962 Prirnnnr
1380 3907 1414 3959 do
1426 3905 1513 3975 prima
1524 3904 1676 3960 rideamus.

354 3997 443 4068 liujus
454 3996 550 4067 judicii
569 3996 667 4052 timore
680 4010 832 4051 concussus
858 3995 1015 4065 pariterque
1030 4009 1142 4065 pereus-
1230 3999 1305 4052 hona
1328 3996 1496 4052 couscientia
1509 4004 1562 4062 est,
1577 4010 1637 4066 quae
1655 4005 1683 4051 et
1709 3996 1845 4066 praeterita
1871 4005 1983 4065 peccata

354 4105 404 4145 sus
415 4087 540 4159 gemebat
554 4094 582 4142 et
596 4085 704 4140 dicebat
721 4083 819 4152 :Quod
842 4085 911 4139 enirn
930 4101 1023 4153 operor
1036 4102 1087 4139 non
1101 4086 1145 4139 in·
1196 4089 1273 4160 purrit
1297 4096 1323 4143 et
1347 4087 1484 4158 punienda
1512 4086 1684 4141 committere
1705 4087 1827 4157 relugit;
1857 4103 1917 4157 quae
1930 4089 1983 4144 etsi

355 4181 445 4252 telligo
460 4177 549 4251 (Rom.
564 4181 625 4248 un).
655 4175 713 4232 Etsi
732 4177 804 4232 euim
818 4176 872 4232 erii
888 4176 1023 4245 judiciuin
1036 4176 1142 4242 ardradi,
1194 4188 1336 4252 peccatum
1350 4179 1461 4243 sentiat.
1474 4185 1587 4248 peccato
1598 4192 1652 4234 non
1664 4179 1808 4235 consentit.
1821 4179 1918 4234 Brutus
1931 4181 1983 4244 cir,

353 4271 488 4342 indicium
500 4269 563 4333 urci,
580 4276 664 4325 restat
682 4277 771 4324 tanuen
784 4268 920 4337 judicium
931 4266 990 4332 Dei,
1011 4268 1084 4339 quud
1101 4284 1145 4324 ure
1195 4273 1239 4327 cui
1264 4289 1317 4326 aon
1338 4270 1476 4338 imprtaoit
1490 4268 1619 4324 llornirnn
1640 4279 1775 4338 moratam
1791 4270 1879 4343 (Paul.
1894 4271 1982 4343 ιιιι),

355 4379 412 4422 non
441 4362 508 4420 sinit
530 4360 679 4431 intelligere
697 4359 769 4430 quot
783 4375 901 4430 operor;
926 4359 992 4428 quia
1006 4361 1099 4415 nescio
1121 4362 1145 4415 si
1195 4361 1370 4418 aitsanctus.
1386 4359 1547 4415 Nondixit:
1564 4361 1617 4428 Qut
1627 4377 1678 4415 narr
1690 4361 1905 4431 lecitpecearnrrr.
1923 4361 1985 4419 tlon

356 4463 480 4526 acceptet
494 4453 566 4524 quod
581 4467 689 4522 operor.
705 4451 764 4522 lpse
782 4453 856 4506 enirn
877 4452 975 4509 nrelius
988 4453 1076 4508 noscit
1090 4469 1144 4519 ure,
1195 4453 1268 4507 enim
1285 4460 1327 4506 est
1340 4451 1384 4506 liic
1399 4450 1507 4520 aliquis.
1535 4450 1587 4504 nisi
1615 4467 1687 4507 nnus
1704 4451 1811 4506 :ethic
1830 4463 1872 4509 est
1899 4453 1985 4510 Filius

356 4562 439 4618 quarn
458 4560 508 4616 ego
535 4560 588 4608 rue,
609 4553 731 4597 scrutans
757 4558 830 4597 rencs
847 4552 871 4596 ct
884 4543 966 4597 corda
981 4542 1068 4613 (Ptol.
1084 4543 1144 4613 un),
1197 4540 1312 4612 hoino·
1322 4550 1457 4611 peramans
1476 4558 1528 4596 uon
1539 4541 1611 4610 lecit,
1622 4557 1668 4596 nec
1688 4543 1805 4598 incentat
1817 4553 1856 4600 eat
1866 4544 1942 4600 dolas
1956 4547 1985 4601 in

357 4634 528 4692 occultorum
544 4632 668 4702 cognitor
683 4630 764 4703 (Dan.
781 4630 858 4702 aur).
878 4632 1035 4702 pertingens
1055 4633 1089 4687 ad
1104 4633 1142 4688 di·
1197 4650 1242 4689 ore
1255 4633 1312 4701 cirta
1322 4631 1349 4703 (l
1364 4632 1435 4689 Petr.
1454 4633 1497 4701 ιι).
1510 4632 1683 4705 Omneergo,
1695 4635 1766 4705 quod
1778 4636 1836 4706 ipse
1847 4636 1913 4692 ruihi
1928 4654 1985 4694 non

357 4725 492 4782 risioncru
505 4725 603 4777 animae
615 4731 642 4776 et
653 4723 775 4792 spiritus.
790 4720 841 4787 Qut
866 4723 943 4778 solus
965 4723 1146 4779 noritornuia
1198 4722 1333 4793 imputare
1361 4721 1523 4788 decreuerit,
1553 4723 1594 4778 sic
1619 4731 1679 4792 est,
1705 4727 1784 4796 quasi
1809 4741 1862 4782 nou
1892 4729 1983 4785 luerit.

357 4826 385 4872 et
399 4815 523 4872 omniurn
533 4814 664 4868 rationes.
682 4811 704 4868 0
718 4814 855 4882 singulare
868 4814 955 4868 sancti
967 4813 1086 4884 Spiritus
1101 4832 1147 4870 or·
1162 4823 1184 4878 ι)
1199 4813 1274 4869 bern
1288 4827 1364 4885 crgo,
1379 4828 1433 4868 non
1448 4828 1565 4884 quornm
1580 4814 1661 4870 nullm
1676 4815 1792 4872 invente
1809 4826 1873 4873 sunt
1886 4820 1986 4890 iniqui-

357 4919 471 4978 gauum.
485 4904 509 4958 si
524 4919 577 4958 non
594 4903 732 4972 intelligis,
744 4901 815 4971 quud
829 4901 962 4970 operaris,
978 4918 1028 4957 cur·
1039 4904 1092 4958 alio
1106 4905 1147 4959 lo·
1198 4913 1286 4971 tates;
1302 4905 1349 4959 sed
1368 4921 1478 4973 psoram
1492 4906 1610 4960 remissor
1622 4913 1682 4960 aaut
1700 4908 1861 4978 irriguitater,
1876 4918 1901 4962 et
1922 4927 1987 4980 guo·

358 5010 393 5051 co
413 4994 484 5048 dicis
507 5012 514 5049 ι
535 4990 625 5046 Gloria
650 5001 741 5045 nostra
760 4991 815 5045 lraa
833 4999 882 5054 eat,
896 4992 1073 5046 testiinonium
1083 5008 1147 5045 euu-
1199 5013 1259 5052 ram
1271 5004 1337 5049 ueta
1349 5008 1410 5050 aaut
1422 5003 1528 5063 peccata
1544 4995 1729 5066 (Patimur),
1744 5009 1772 5054 nt
1783 5001 1988 5072 quadamtegn-

358 5086 477 5140 seientia
488 5091 585 5136 uortroe
597 5078 640 5152 (ll
652 5081 713 5135 Cur.
727 5099 759 5152 ι).
772 5096 854 5151 quam
864 5081 978 5150 gloriam
992 5092 1067 5136 tuam
1081 5097 1148 5137 con·
1198 5093 1292 5142 mento
1308 5084 1509 5155 quodammodo
1518 5085 1606 5141 oculis
1618 5083 1665 5141 liei
1682 5086 1894 5146 abscondantur.
1912 5089 1988 5146 Felix

359 5173 505 5230 seientiam
520 5170 638 5228 rocansl
652 5170 705 5226 Sed
723 5185 756 5225 ex
770 5184 845 5241 parte
863 5171 1000 5242 intelligit,
1023 5187 1057 5228 es
1072 5180 1149 5242 purte
1199 5174 1301 5236 anima,
1314 5188 1375 5243 qua
1383 5181 1524 5242 peecatum
1537 5174 1669 5234 sentiens,
1680 5181 1794 5242 peccato
1804 5189 1858 5230 nou
1870 5189 1989 5231 consen·

360 5280 418 5320 non
430 5263 564 5334 iutelligit.
581 5260 708 5331 intelligit
727 5260 816 5330 plane,
828 5263 891 5332 quia
906 5268 933 5317 et
945 5277 1024 5318 suurn
1040 5271 1067 5319 et
1079 5264 1148 5318 alio·
1199 5267 1243 5328 tr,
1272 5279 1354 5334 quarn
1382 5264 1434 5321 etsi
1461 5264 1592 5334 cogitatio
1607 5263 1742 5333 inquinat.
1762 5265 1833 5319 ratio
1852 5264 1924 5320 lauat
1939 5282 1989 5336 prr·

359 5370 424 5414 rom
437 5367 631 5424 supergressus
645 5362 687 5407 est
699 5353 843 5421 judicium.
858 5351 912 5407 Sed
927 5353 1002 5408 cirea
1016 5353 1062 5408 bet
1074 5351 1145 5421 judi·
1199 5371 1288 5428 gnarus
1309 5363 1336 5411 et
1356 5369 1511 5426 repugnans
1531 5355 1581 5425 legi
1599 5355 1715 5424 peccati.
1732 5354 1843 5410 liolesta
1858 5355 1931 5411 lucta
1946 5363 1988 5412 est

360 5453 437 5510 dum
453 5449 599 5510 detinetur.
615 5447 660 5502 nbi
675 5446 862 5515 proculdubio
875 5445 962 5501 trescit
975 5446 1041 5517 quid
1051 5461 1148 5518 opere·
1201 5450 1249 5507 scd
1264 5448 1416 5505 fructuosa.
1428 5448 1497 5514 Quia
1513 5447 1536 5502 si
1551 5461 1659 5516 pronam
1675 5445 1766 5510 hahet,
1782 5447 1894 5503 adhibet
1907 5462 1988 5503 coro·

361 5550 420 5603 tur.
433 5541 494 5599 hlon
504 5542 577 5598 euim
593 5539 701 5611 perillo
715 5537 961 5607 dnoJ'ustitleatur;
978 5539 1026 5595 red
1038 5554 1086 5610 per
1096 5546 1152 5593 tcr·
1201 5555 1275 5597 nam.
1297 5535 1326 5592 lu
1353 5538 1406 5593 hoc
1433 5538 1506 5592 enim
1533 5535 1672 5600 condictu,
1689 5536 1733 5591 uhi
1749 5552 1848 5594 sensns
1864 5546 1917 5601 est,
1933 5553 1987 5593 non

362 5637 434 5694 dom
457 5633 654 5706 justificabitur
669 5651 676 5685 :
692 5631 765 5701 quod
788 5631 859 5688 siem
873 5643 927 5684 non
944 5636 987 5685 est
1005 5628 1146 5699 cognosci·
1202 5643 1363 5691 consensus,
1379 5625 1454 5681 Nilril
1467 5626 1646 5682 damnationis
1662 5636 1712 5691 eat,
1727 5627 1805 5696 juxta
1816 5627 1986 5699 apostorum,

365 5728 431 5793 hile,
444 5735 471 5782 ct
484 5723 767 5795 incomprehensibile.
787 5722 906 5779 nuoruu
925 5728 1017 5776 taruco
1034 5720 1153 5790 judicio·
1203 5719 1246 5782 iia,
1262 5717 1308 5787 qui
1321 5726 1381 5771 aaut
1392 5717 1419 5770 in
1437 5715 1544 5772 Christo
1556 5716 1621 5772 learr
1636 5716 1723 5785 (lloru.
1739 5718 1809 5789 ιιιι).

305 5848 307 5879 ε
364 5833 427 5874 rom
443 5811 603 5875 exclusioet
615 5817 641 5871 iu
657 5816 783 5886 prasenti
792 5813 961 5884 justificatio,
975 5811 1154 5882 quodamnro·
1238 5810 1326 5865 Porro
1344 5809 1369 5865 ei
1383 5809 1431 5880 qui
1443 5810 1610 5865 uoluntatem
1625 5807 1707 5862 hahet
1720 5822 1774 5863 uon
1792 5807 1934 5878 peccandi,
1961 5817 1989 5867 et

365 5910 403 5964 do
415 5916 491 5964 certa
503 5909 666 5979 siguttrarzo
680 5914 722 5962 est
735 5903 1113 5978 aetcrnaeguraedestiuationis.
1125 5903 1153 5958 iu
1204 5901 1323 5956 custodit
1337 5901 1420 5970 pedes
1434 5916 1500 5955 suos
1512 5915 1527 5953 a
1540 5898 1617 5968 lapsu
1631 5917 1639 5953 e
1653 5900 1698 5967 qui
1717 5898 1863 5954 cornurissa
1879 5906 1990 5967 praeter·

364 6014 420 6070 qua
436 5996 509 6053 Deus
523 5997 646 6068 praeridit
666 6011 717 6051 nos
730 5995 877 6064 corrlorurea
894 5994 952 6062 fieri
966 5992 1088 6060 imaginis
1104 5989 1154 6044 fi·
1204 5991 1234 6046 iti
1250 5989 1381 6059 temporis
1393 5999 1421 6045 et
1435 5989 1537 6059 plangit
1552 5996 1580 6045 et
1595 5990 1671 6059 punit
1689 5988 1755 6057 :qui
1770 5987 1904 6058 malignos
1919 5988 1991 6056 engi·

365 6087 398 6141 lir'
414 6085 457 6139 aru'
472 6084 559 6155 (llonr.
576 6085 634 6154 ιιιι)
649 6091 676 6138 et
687 6082 784 6139 futur-re
797 6082 1013 6156 glorificationis,
1028 6097 1089 6137 eoru
1104 6097 1154 6139 nos
1205 6090 1279 6136 tatus
1292 6079 1428 6136 allidendo
1441 6080 1474 6135 ad
1492 6079 1632 6137 Christum
1654 6078 1768 6149 respuit,
1791 6076 1835 6130 hic
1860 6086 1989 6146 tatngnaru

468 6201 605 6262 Parnoi.
629 6198 763 6262 textit.
1810 6189 1849 6248 29
