5125 7059
355 682 408 740 517
975 685 1141 745 brinate.
1161 718 1196 732 -
1212 685 1277 746 tto.
1299 687 1342 746 tl.
1924 692 1978 748 518

349 805 518 863 suisdioeus
534 829 540 859 :
560 824 570 859 ι
586 808 641 862 Pro
659 811 701 864 bis
716 823 793 881 rogo,
811 824 881 880 quos
892 809 989 867 dedisti
1000 812 1068 867 mibi
1079 814 1108 879 '3
1127 832 1137 868 r
1156 819 1177 876 Α
1193 813 1272 869 melle
1286 818 1442 867 manantem
1452 809 1558 864 contuli
1570 806 1632 864 tibi.
1642 805 1709 862 'ires
1720 822 1829 877 iitroque
1840 806 1981 864 illusiones

353 907 382 954 et
395 914 445 969 pro
458 899 559 971 bbqui
570 899 701 956 credituri
712 912 791 955 erant
800 901 828 956 in
841 916 916 965 eum.
930 901 1042 959 diceus:
1056 920 1066 953 ι
1081 901 1139 959 Νοιι
1190 905 1215 959 ei
1231 904 1332 960 iecere.
1347 900 1439 956 Prima
1466 897 1519 954 init
1539 896 1650 970 qiiando
1664 898 1751 952 reluta
1770 896 1838 952 lucie
1858 895 1980 967 eolapbia

353 996 462 1044 tanturn
480 1006 531 1061 pro
560 991 695 1060 bisrogn.
720 993 768 1047 sed
789 1008 841 1063 pro
860 993 916 1048 illis
937 994 985 1063 nui
1009 995 1140 1050 credituri
1192 1011 1257 1051 eurn
1274 991 1414 1049 cedebant
1437 991 1471 1054 ⁸³;
1497 991 1636 1056 aecurrda,
1654 990 1766 1061 qrrendo
1783 988 1884 1044 milites
1903 988 1980 1044 [lexis

353 1091 420 1136 sunt
435 1081 462 1136 in
477 1098 521 1138 me
532 1083 564 1138 ¹·.
581 1101 591 1134 r
616 1081 699 1137 Recte
713 1099 778 1156 ergo
793 1086 854 1139 lieet
867 1087 941 1140 onrni
957 1095 1078 1155 tempore
1092 1101 1141 1156 pro
1191 1088 1307 1159 genibus
1316 1100 1378 1141 eom
1390 1083 1553 1147 adorabant,
1564 1081 1722 1136 dicenteszr
1737 1081 1807 1146 Are,
1815 1094 1864 1134 rex
1874 1077 1981 1134 tuneo·

354 1172 431 1227 omni
445 1180 518 1228 statu
532 1172 660 1228 Ecclesiae
678 1173 793 1228 tideliter
808 1191 886 1231 orare
900 1176 1058 1241 debeamus,
1073 1191 1142 1247 pre·
1191 1196 1251 1235 mm
1263 1180 1296 1247 ¹⁸,
1312 1198 1322 1232 ι
1340 1177 1413 1250 qood
1427 1175 1527 1230 ludaeis
1554 1171 1718 1235 ascribitur,
1733 1172 1800 1242 qnia
1821 1186 1915 1227 curam
1933 1170 1981 1224 de-

352 1264 435 1334 cipue
450 1273 542 1320 limen
561 1264 613 1319 ¹¹³⁰
626 1265 670 1320 dle
683 1266 797 1344 S⁰le¹¹¹¹¹i
814 1281 864 1336 lim
880 1268 961 1331 ⁰⁰5⁵.
973 1275 1000 1322 et
1011 1282 1060 1339 pro
1071 1282 1140 1324 eun·
1191 1273 1271 1340 dere;
1289 1271 1383 1337 tertia,
1404 1266 1515 1338 quando
1537 1264 1663 1336 pendenti
1687 1265 1713 1319 in
1734 1278 1816 1318 criree
1830 1261 1979 1318 dicebant:

352 1353 407 1412 ctis
417 1355 501 1412 etiam
515 1355 622 1423 alienis,
635 1365 665 1411 ut
678 1357 823 1427 gentilibus
835 1367 862 1413 et
880 1357 991 1424 iudaeis,
1009 1358 1143 1414 scbisrna·
1195 1363 1278 1420 «lab
1291 1364 1339 1435 qui
1354 1359 1473 1417 destruis
1494 1356 1625 1428 templum
1655 1355 1701 1410 liei
1715 1356 1748 1410 ²¹.
1773 1374 1782 1406 r
1805 1353 1905 1409 Contra
1931 1351 1983 1406 bas

354 1445 418 1502 tieis
432 1456 459 1502 et
482 1445 617 1502 hereticis
638 1447 776 1503 orationes
799 1447 951 1514 oderimus,
961 1450 1038 1518 juxta
1055 1450 1139 1505 illud:
1192 1464 1248 1510 tres
1261 1454 1403 1510 illusiones
1414 1460 1468 1505 tres
1477 1448 1666 1518 praerrrittiinus
1683 1444 1979 1514 aolor·ationes;Apioa‚

356 1557 367 1590 ι
384 1537 418 1593 Ει
430 1539 493 1594 data
518 1547 584 1594 sunt
605 1538 630 1594 ei
652 1539 763 1595 incensa
786 1539 871 1594 multa
884 1541 915 1607 ¹¹,
936 1557 946 1593 ι
964 1541 1011 1595 sed
1029 1549 1057 1596 et
1076 1544 1142 1613 quia
1193 1546 1324 1614 Sanctus,
1341 1554 1369 1601 et
1381 1546 1439 1600 haee
1459 1542 1487 1597 in
1502 1542 1609 1597 duabus
1626 1540 1744 1611 linguis,
1759 1539 1853 1595 Graeca
1876 1537 1981 1594 scilicet

354 1631 489 1689 Dominus
509 1633 537 1689 in
560 1648 642 1690 erues
661 1634 782 1704 pendens
794 1635 884 1692 oravit
903 1637 1053 1694 decantans
1069 1638 1142 1696 hune
1191 1651 1219 1697 et
1231 1639 1339 1696 latina.
1350 1636 1419 1693 Nam
1431 1637 1510 1703 tertia
1525 1636 1585 1690 silet
1596 1633 1720 1689 Hebraea.
1734 1629 1779 1685 Vel
1789 1642 1844 1685 tres
1854 1627 1981 1700 autipho-

353 1726 491 1797 psalmom
511 1744 519 1782 ε
532 1745 543 1778 ι
561 1725 643 1793 Deus,
661 1726 733 1782 Deus
750 1743 838 1795 meus,
855 1728 961 1799 respice
980 1728 1008 1784 in
1022 1745 1066 1785 me
1080 1731 1112 1798 ¹¹,
1128 1751 1139 1786 ι
1193 1748 1252 1788 uae:
1268 1730 1370 1801 Populo
1383 1746 1464 1796 nam,
1476 1729 1538 1799 quia
1551 1727 1642 1794 educi,
1653 1725 1717 1797 quid
1730 1724 1801 1778 uitro
1816 1723 1906 1786 debui,
1918 1736 1982 1777 sen·

354 1829 412 1875 eta
428 1817 593 1890 quibusdam
608 1818 740 1886 ereditur,
756 1819 889 1890 usquead
906 1838 913 1874 ε
926 1838 936 1872 ι
953 1819 982 1875 ln
997 1830 1035 1887 te,
1052 1821 1143 1878 boni·
1192 1824 1269 1881 sibus
1282 1839 1390 1894 parona,
1401 1831 1450 1877 aut
1464 1821 1530 1877 nihil
1552 1818 1724 1882 differentes,
1741 1814 1831 1870 verbis
1844 1823 1870 1868 et
1884 1813 1982 1868 rnoilu·

354 1926 399 1978 ne,
425 1911 544 1982 sperari,
560 1930 570 1963 r
587 1922 614 1968 et
633 1928 696 1968 eum
720 1922 829 1969 rentum
849 1923 922 1970 esset
943 1915 978 1973 ad
997 1915 1071 1971 bunc
1082 1932 1143 1972 rer·
1192 1915 1295 1972 latione
1315 1913 1484 1972 consimiles.
1500 1912 1644 1984 Triplieem
1665 1910 1735 1965 tituli
1754 1907 1921 1978 Scriptorum
1944 1904 1983 1960 si·

353 2019 414 2058 suna
427 2003 450 2036 ¹⁸
464 2021 471 2058 :
485 2021 495 2054 ι
508 2002 538 2058 ln
552 2019 651 2061 manus
663 2013 733 2069 tuas,
747 2005 871 2072 bomine,
884 2007 1047 2064 commendo
1062 2009 1144 2080 spiri·
1193 2009 1338 2083 gnilleant5
1350 2002 1403 2078 'qui
1422 2006 1541 2077 scriptos
1552 2004 1603 2060 iuit
1613 2001 1757 2066 Hebraice,
1774 2000 1868 2056 Graece
1880 2007 1907 2054 et
1931 1996 1984 2051 La·

356 2105 413 2151 ΨΜ
428 2110 538 2160 'neum’
552 2095 644 2152 01111511
657 2097 783 2169 slilinum
799 2098 830 2152 ¹⁸·
849 2117 859 2150 s
1194 2105 1249 2160 tine
1263 2123 1284 2160 :s
1302 2102 1386 2160 iesus
1399 2101 1559 2158 Nazarenus
1576 2094 1624 2157 r'ex
1637 2101 1792 2156 ludaeorum
1806 2098 1839 2153 ¹‘.
1851 2097 1895 2153 »Si
1908 2097 1982 2169 prin-

386 2185 451 2242 ¹¹¹⁰⁰
461 2196 489 2242 0¹
498 2203 549 2244 ¹¹⁰⁸
563 2187 590 2242 5¹¹
600 2188 682 2244 501111·
693 2202 768 2243 ¹¹¹⁰1'0
779 2198 841 2259 1³⁰⁵!
849 2189 1004 2260 P³SSi0¹101¹¹
1013 2206 1139 2247 orantus:
1157 2171 1178 2230 Β
1191 2197 1292 2270 cipium
1305 2196 1375 2251 tituli
1385 2196 1472 2250 tribus
1483 2180 1583 2265 linguis
1593 2194 1723 2264 scriptum
1735 2192 1817 2247 inerit
1830 2192 1981 2261 ignoratur,

353 2276 440 2333 liabet
453 2278 526 2333 enim
544 2294 610 2334 osus
623 2287 653 2334 ut
670 2279 697 2334 iu
710 2280 771 2336 aliis
782 2281 880 2338 diebus
893 2290 957 2337 ante
970 2282 1141 2354 evangelium
1192 2288 1239 2344 sed
1252 2287 1286 2342 de
1298 2287 1350 2343 bae
1362 2285 1485 2342 clausula
1501 2294 1619 2352 constat,
1636 2303 1645 2336 ι
1663 2300 1709 2339 rex
1725 2282 1894 2339 iudeorum.
1911 2301 1920 2333 x
1934 2279 1984 2336 lle·

353 2373 491 2427 orationes
503 2370 639 2439 dieamus,
650 2373 730 2428 bodie
745 2388 808 2429 tero
820 2384 882 2444 post
891 2375 1047 2446 passionem
1060 2391 1143 2431 eran·
1192 2380 1284 2435 braine
1294 2379 1349 2447 sic,
1367 2378 1486 2433 dulcior
1507 2376 1678 2441 iudeorunu
1693 2375 1784 2431 Graeee
1808 2373 1919 2429 basileos
1937 2390 1983 2429 ex·

353 2466 468 2534 pelicum
482 2466 622 2522 orationes
645 2464 867 2535 multiplicamus.
885 2465 966 2532 item,
981 2483 1047 2524 usus
1062 2467 1143 2523 babet
1191 2467 1357 2532 ornosobom
1373 2465 1469 2523 Latine
1484 2482 1530 2521 ree
1544 2466 1734 2537 confitentium.
1750 2464 1828 2532 Qriod
1847 2467 1911 2535 quia
1933 2481 1980 2520 ne·

354 2559 494 2618 Ecclesiae.
510 2569 538 2612 ut
551 2568 613 2613 ante
627 2557 765 2612 orationes
777 2558 895 2625 dicatur,
911 2558 1038 2615 Dominus
1055 2561 1142 2615 uobis·
1192 2578 1291 2634 pavere
1307 2561 1406 2627 iudei,
1419 2563 1561 2619 dieentes:
1580 2582 1589 2615 ι
1604 2561 1661 2616 Noli
1680 2561 1809 2629 seribere,
1821 2577 1868 2616 rex
1879 2559 1985 2615 iudaeo-

353 2667 428 2718 cnm,
444 2666 506 2720 que
527 2660 569 2706 est
586 2649 693 2721 propria
707 2663 761 2705 vox
785 2659 812 2705 et
836 2651 986 2707 sacerdotis
1002 2651 1141 2721 obicium;
1191 2672 1270 2723 rum;
1286 2656 1333 2712 sed
1346 2656 1411 2730 quia
1428 2655 1486 2727 ipse
1501 2656 1590 2711 dixit:
1605 2655 1662 2711 ilex
1677 2671 1737 2710 som
1753 2654 1909 2710 iudeorum
1923 2657 1956 2708 2'.
1970 2675 1980 2708 ι

353 2744 396 2798 sod
414 2743 461 2798 bis
474 2741 655 2807 orationibus,
670 2742 731 2798 ideo
749 2756 804 2798 non
816 2744 999 2813 premittitur,
1013 2745 1076 2816 quia
1091 2744 1142 2800 Sa·
1192 2745 1296 2803 idcirco
1313 2746 1385 2803 istud
1402 2746 1429 2802 in
1445 2747 1499 2802 illis
1511 2747 1667 2818 antiphonis
1682 2747 1815 2802 astruitur
1825 2747 1860 2800 ab
1870 2745 1983 2811 ellectu,

354 2835 451 2890 cordos
471 2843 499 2888 et
517 2833 649 2890 Dominus
671 2842 764 2890 noster
785 2833 929 2891 occiditur.
956 2837 997 2892 Ad
1022 2836 1144 2908 singulas
1192 2840 1296 2897 seilicet
1306 2840 1378 2912 quiid
1390 2851 1518 2912 tanquam
1531 2856 1579 2896 rex
1589 2856 1682 2895 eorum
1694 2839 1788 2894 eduxit
1800 2854 1848 2895 eos
1857 2839 1889 2894 de
1901 2837 1985 2908 AEgy·

353 2926 492 2982 orationes
499 2942 586 2996 genua
594 2925 739 2994 deotimus,
748 2927 813 2997 quia
824 2928 949 2984 nationes
959 2929 1144 2986 omnescbri·
1191 2943 1238 3006 pto
1262 2943 1290 2988 et
1309 2933 1421 2989 deduxit
1434 2949 1483 2989 eos
1498 2950 1545 3003 per
1558 2934 1712 2998 desertum,
1729 2941 1756 2987 et
1780 2931 1932 2986 introduxit
1955 2931 1983 2986 in

353 3029 392 3075 sto
408 3034 500 3090 genna
512 3034 625 3075 curvare
638 3029 834 3083 monstramus,
848 3021 889 3074 vel
905 3030 933 3074 ut
947 3036 995 3088 per
1020 3021 1142 3080 habitum
1192 3037 1295 3083 terram
1311 3026 1422 3080 bonam.
1439 3024 1517 3093 Quod
1536 3025 1562 3080 in
1575 3025 1682 3080 titulum
1698 3024 1829 3093 seriptum
1846 3022 1898 3079 init
1913 3040 1923 3074 ι
1937 3019 1983 3077 ie·

353 3110 477 3182 eorporis
486 3110 661 3166 ostendamus
672 3111 844 3167 devotionem
853 3113 963 3168 mentis.
977 3112 1031 3169 Pro
1041 3114 1143 3172 iudeis
1193 3136 1252 3186 sus,
1267 3139 1276 3171 r
1294 3119 1321 3174 in
1337 3119 1452 3188 singolis
1463 3118 1636 3174 concluditur
1647 3116 1814 3187 antiphonis.
1830 3114 1984 3179 salvatori,-

353 3216 416 3256 rero
431 3216 488 3255 non
501 3200 638 3257 deotimus
657 3217 761 3273 pertua,
777 3211 807 3258 ut
821 3202 938 3260 vitemus
957 3205 1066 3262 illorum
1082 3209 1144 3264 illu·
1193 3212 1267 3283 quod
1293 3210 1354 3266 ibt«
1375 3209 1555 3277 Nazaraenns,
1575 3229 1584 3261 x
1606 3209 1638 3265 ad
1653 3207 1776 3278 sirrprrlas
1802 3206 1985 3276 respondetur

354 3294 472 3362 sionem,
486 3295 618 3364 quoniam
631 3294 754 3353 irrisorio
767 3311 817 3353 sua
833 3295 889 3353 Deo
900 3297 1042 3354 flectebant
1056 3301 1088 3368 ¹¹,
1102 3301 1145 3357 sel
1193 3301 1287 3372 Apios,
1306 3297 1432 3367 Soracten
1457 3308 1484 3356 et
1504 3299 1568 3370 quia
1595 3298 1690 3354 titulus
1705 3297 1792 3352 tribus
1804 3294 1905 3365 linguis
1930 3293 1983 3347 luit

355 3392 418 3462 qnia
434 3391 562 3458 eaeeitas,
576 3405 637 3462 qnae
649 3390 763 3462 contigit
778 3391 806 3446 in
820 3390 903 3448 lsrael
917 3392 948 3455 ¹⁸.
967 3392 1039 3450 nulla
1056 3403 1145 3464 potest
1194 3393 1328 3463 scriptus,
1343 3391 1405 3448 ideo
1422 3392 1529 3448 duabus
1548 3391 1649 3462 linguis
1673 3389 1869 3460 respondetur,
1891 3385 1984 3442 Graeca

354 3484 480 3540 oratione
495 3483 604 3554 depelli,
617 3482 704 3538 donec
718 3481 858 3553 plenitudo
869 3484 990 3553 gentium
1005 3487 1145 3541 subintra·
1196 3486 1312 3551 seilicet,
1323 3494 1350 3541 et
1363 3484 1471 3548 Latina,
1486 3500 1546 3555 qum
1559 3483 1690 3554 scriptum
1707 3482 1833 3536 adorant.
1851 3479 1984 3536 liebraiea

354 3576 422 3630 terit
438 3574 474 3641 ¹¹,
489 3573 549 3629 ideo
560 3589 614 3629 non
626 3583 669 3630 est
683 3589 732 3645 pro
746 3572 787 3628 eis
805 3573 978 3630 vehementer
994 3580 1145 3646 orandum,
1197 3595 1261 3634 vero
1276 3577 1452 3645 contradixit,
1468 3585 1495 3632 et
1508 3576 1597 3630 adbuc
1614 3575 1794 3646 blasphemat.

355 3664 472 3737 ideoque
498 3679 548 3720 nee
573 3680 662 3736 genua
685 3666 831 3724 flectimus.
844 3666 893 3723 Est
907 3676 996 3723 tamen
1012 3671 1145 3726 orandum
1231 3669 1410 3741 Supradietas
1423 3686 1488 3739 ergo
1502 3667 1610 3723 dianoni
1641 3670 1681 3721 rel
1699 3665 1848 3739 presbyteri
1859 3665 1931 3720 albis·
1941 3664 1985 3718 in·

354 3767 522 3826 utrumque.
539 3756 806 3827 quoniaminturum
818 3767 876 3823 est,
905 3759 996 3830 utqui
1018 3761 1146 3816 estexal·
1196 3763 1254 3819 duti
1277 3755 1406 3818 canentes
1418 3763 1594 3832 antiphonas,
1605 3776 1715 3815 erucem
1729 3759 1776 3815 illo
1787 3756 1923 3824 deleront,
1938 3758 1984 3813 ubi

356 3857 427 3905 tatus
444 3850 473 3904 in
486 3864 584 3916 eruee,
601 3849 692 3903 omnia
705 3852 794 3904 trabat
804 3850 837 3905 ad
855 3865 885 3906 se
901 3851 933 3906 ¹⁸.
950 3850 983 3905 Et
997 3867 1062 3907 cave
1072 3852 1146 3922 ‹puod
1196 3853 1289 3910 Graeee
1304 3869 1335 3909 ac
1351 3853 1445 3908 Latine
1466 3852 1665 3922 respondetur,
1679 3866 1711 3906 ue
1726 3850 1824 3905 devote
1839 3849 1983 3916 adoratum

356 3957 408 3996 non
423 3949 491 3996 sunt
499 3943 648 4008 orationes,
660 3957 721 4012 quae
735 3944 936 4012 praemittuntur
949 3943 1148 4015 getrussexioni·
1196 3947 1261 4018 quia
1275 3946 1406 4000 Donrinus
1419 3945 1568 4001 crucilixus
1583 3942 1708 3998 transisit
1724 3957 1739 3996 a
1753 3941 1865 4012 pertidia
1877 3938 1986 3996 indeo·

356 4033 423 4100 bus,
438 4032 488 4088 sed
503 4042 566 4089 sont
580 4031 768 4102 praelationes,
792 4048 819 4090 et
842 4037 1064 4104 exhortationes,
1086 4053 1147 4106 que
1198 4057 1259 4096 rum
1275 4040 1309 4095 ad
1325 4039 1525 4095 eoiriessionem
1541 4047 1567 4093 et
1582 4036 1752 4091 devotionem
1767 4035 1900 4105 genitium,
1922 4048 1986 4104 por·

356 4140 452 4182 omnes
479 4124 613 4196 incipiunt
632 4125 667 4180 ab
688 4126 855 4194 erelauno
871 4129 971 4199 quibus
995 4131 1147 4186 ostenditur
1197 4133 1318 4189 tantibus
1340 4132 1415 4187 illum
1442 4131 1633 4186 innocentibus
1657 4126 1789 4197 apostolis
1818 4137 1845 4182 et
1871 4134 1985 4181 cantan-

357 4235 403 4290 pro
416 4219 522 4290 quibus
538 4219 756 4289 insequentibus
775 4221 946 4277 orationibus
967 4237 1047 4277 orare
1073 4224 1147 4277 rale-
1196 4226 1281 4292 tibus,
1296 4227 1323 4280 id
1338 4234 1379 4280 est
1394 4225 1458 4278 totis
1472 4223 1578 4278 viribus
1598 4222 1776 4293 opprobrium
1798 4218 1888 4273 crucis
1899 4216 1986 4272 confl-

358 4330 427 4371 mus.
441 4311 521 4368 Unde
533 4313 560 4367 in
572 4312 626 4367 ilne
636 4312 770 4369 duntaxat
795 4313 951 4369 orationum
972 4313 1146 4384 sequentium
1198 4317 1318 4372 tentibus
1332 4327 1359 4371 et
1366 4313 1587 4388 praedicantibus,
1603 4311 1740 4367 interdum
1753 4321 1843 4365 tamen
1858 4323 1985 4380 perseeu-

358 4405 548 4479 tespossdelttr·
563 4404 657 4460 Amen·
1199 4409 1303 4465 tionum
1318 4408 1436 4478 pondere
1448 4407 1540 4474 lessis,
1552 4405 1753 4476 aliquantulum
1768 4402 1984 4475 quiescentibus.

305 4515 306 4525 ¹
389 4499 462 4557 Tres
476 4497 666 4554 accusationes
677 4495 764 4554 ludaei
775 4507 870 4555 eontra
882 4497 1027 4554 bominum
1044 4514 1146 4571 propo·
1197 4500 1362 4568 Undezilui
1389 4515 1498 4557 erucem
1524 4508 1634 4569 portant
1665 4514 1738 4554 nuxrc
1758 4505 1838 4564 eunt,
1858 4511 1932 4551 niune
1957 4505 1987 4552 ut

359 4609 449 4661 suere,
464 4592 570 4649 seilicet
583 4591 658 4661 quod
673 4591 805 4647 tributum
823 4600 949 4662 negasset
965 4593 1003 4659 ”;
1021 4592 1094 4663 qood
1117 4608 1147 4649 se
1197 4592 1263 4648 lessi
1278 4591 1441 4647 subsistunt.
1459 4587 1564 4644 Exinde
1578 4588 1700 4642 uelamen
1722 4585 1851 4642 aulerunt
1863 4583 1915 4640 lati
1930 4585 1987 4640 ela·

305 4682 306 4736 i
358 4701 449 4757 regem
462 4682 573 4740 iecisset
584 4684 619 4750 ¹⁶,
631 4691 659 4737 et
670 4684 744 4753 qood
759 4697 788 4739 se
802 4681 903 4737 Filium
919 4683 965 4738 liei
980 4682 1097 4739 dixisset
1110 4685 1144 4740 ¹⁸.
1197 4694 1325 4739 nantes:
1342 4681 1408 4736 Ecce
1425 4681 1525 4752 lipsana
1540 4680 1637 4746 crocis,
1652 4681 1704 4736 boc
1719 4689 1760 4735 est
1774 4678 1897 4732 velamen
1911 4675 1985 4747 quod

357 4775 524 4833 contrahas
540 4783 594 4831 tres
609 4775 811 4840 accusationes,
827 4783 881 4830 tres
904 4773 1028 4829 Salvator
1043 4775 1084 4830 eis
1098 4775 1148 4830 ob-
1198 4776 1250 4833 iuit
1263 4791 1346 4847 super
1368 4773 1466 4828 laciem
1482 4771 1568 4842 lioysi
1591 4773 1624 4827 ”.
1641 4770 1697 4827 lloc
1722 4779 1765 4826 est
1788 4769 1854 4824 illud
1877 4783 1933 4839 quo
1956 4782 1987 4823 ss

356 4869 413 4941 jicit
423 4868 616 4924 aeerrsadones
627 4866 729 4937 quade
738 4864 849 4921 lliclraea
860 4876 1017 4929 sumuntur.
1027 4866 1145 4921 seilicet:
1162 4872 1185 4927 1)
1199 4869 1332 4924 llonrinus
1345 4883 1360 4921 a
1373 4865 1473 4922 iudeis
1484 4864 1629 4918 abscondit
1639 4863 1672 4928 ⁸⁰,
1684 4861 1757 4932 qrrod
1772 4861 1920 4915 revelatum
1932 4867 1985 4924 est,

357 4959 460 5032 Popute
477 4974 563 5024 merim
575 4958 644 5024 Quia
663 4957 758 5022 eduam
775 4958 846 5023 Quid
859 4957 931 5011 ultra
942 4956 1019 5012 debui
1031 4958 1079 5012 ”l
1095 4956 1146 5012 Ubi
1200 4957 1311 5027 quando
1335 4956 1425 5011 velum
1449 4953 1541 5024 templi
1558 4954 1673 5008 scissum
1689 4961 1731 5007 est
1746 4951 1783 5017 ⁸¹;
1809 4951 1883 5022 qood
1903 4949 1985 5005 etiam

357 5054 509 5125 exprobrat
518 5051 560 5109 eis
570 5050 700 5106 beneficia
717 5066 779 5116 soa,
790 5050 894 5105 scilieet
908 5049 1098 5105 liberationem
1112 5050 1147 5105 de
1199 5047 1332 5104 linrrriims
1346 5047 1474 5102 revelarit
1488 5044 1599 5114 ‹puarrdo
1617 5045 1644 5099 in
1658 5059 1739 5100 eruce
1750 5042 1890 5114 pependit,
1911 5041 1987 5096 ideo-

358 5128 486 5216 AEgypto,
502 5140 621 5211 regimen
636 5139 663 5194 in
678 5139 797 5200 deserto,
810 5137 1038 5194 introductionem
1053 5140 1080 5195 in
1093 5149 1146 5195 ter·
1198 5156 1251 5212 que
1263 5141 1332 5195 elisit
1347 5158 1353 5193 :
1372 5159 1381 5191 ι
1397 5140 1621 5192 t'nnsnnnnatum
1634 5137 1674 5205 ”i
1695 5157 1704 5189 x
1722 5153 1784 5192 iram
1803 5145 1866 5191 aitte
1880 5134 1989 5205 passio-

358 5250 413 5289 ram
425 5232 622 5304 optimamdo
634 5230 758 5286 sidicat:
772 5228 894 5285 beeosas
905 5245 948 5284 me
960 5229 1146 5300 denegatione
1197 5249 1259 5289 near
1274 5233 1366 5286 ornrria
1383 5232 1546 5286 Christianae
1563 5232 1623 5286 srdei
1640 5239 1824 5295 sacramenta,
1836 5239 1863 5284 et
1880 5237 1936 5283 tota
1950 5228 1989 5282 le-

358 5325 464 5390 tributi‚
480 5325 573 5396 potius
582 5323 695 5379 deberes
711 5338 791 5395 apere
804 5327 922 5395 gratias3
943 5322 1008 5392 quia
1031 5331 1058 5378 te
1077 5322 1147 5378 libe-
1199 5325 1241 5396 gis
1254 5325 1377 5379 doctrina
1389 5323 1489 5377 latebat
1502 5324 1552 5379 sub
1570 5322 1670 5388 littera,
1682 5324 1733 5377 sed
1747 5322 1773 5376 in
1786 5320 1913 5392 passione
1924 5328 1988 5374 sunt

358 5423 413 5479 nn
425 5421 463 5477 de
476 5420 608 5477 servitute
619 5418 739 5491 AEgypti.
761 5419 883 5474 Accusas
902 5417 976 5489 quod
992 5433 1035 5473 me
1054 5433 1146 5489 regem
1199 5418 1292 5472 narnia
1305 5416 1432 5471 revelata.
1449 5413 1525 5471 Tune
1539 5413 1637 5469 vexilla
1652 5413 1732 5485 lingis
1756 5413 1907 5484 prodeunt,
1926 5426 1989 5482 quae

359 5512 419 5583 leel,
433 5513 650 5586 potiusdcberes
663 5527 743 5584 agere
754 5511 870 5584 gratias,
886 5511 951 5581 quia
964 5519 990 5566 te
999 5511 1026 5565 in
1038 5510 1146 5565 deserto
1199 5518 1279 5565 antea
1301 5509 1420 5575 latuere,
1436 5518 1500 5563 tnnc
1514 5517 1541 5563 et
1566 5506 1698 5561 llorninus
1719 5506 1863 5572 revelavit,
1876 5504 1989 5577 quando

305 5631 306 5682 j
359 5603 568 5677 regaliterpari.
587 5603 710 5659 Accusas
722 5603 853 5674 quiadixi
865 5601 1018 5658 meFiiium
1031 5599 1147 5673 Dei,po·
1199 5598 1650 5671 sensomSeripturat-umaperuit
1671 5596 1704 5652 ⁸³.
1727 5596 1784 5652 Hoc
1804 5605 1846 5651 est
1866 5596 1988 5667 lignum,

305 5696 306 5720 ³
361 5696 412 5754 tius
437 5694 555 5752 deberes
576 5709 658 5768 agere
684 5695 796 5767 gratias,
818 5695 883 5766 quia
906 5703 1007 5751 terram
1031 5692 1100 5750 laete
1119 5701 1147 5750 et
1198 5693 1634 5766 quenqueduleeseuntamarae
1652 5689 1686 5758 ³⁸,
1704 5705 1765 5762 quae
1781 5689 1866 5760 legem
1883 5686 1990 5758 signill-

305 5881 311 5969 i
392 5914 495 5971 moun.
510 5913 544 5971 ιι
582 5911 685 5971 ann.
726 5913 882 5985 ramas.
922 5912 1115 5980 nomnen
1144 5915 1273 5973 esaias.
1314 5913 1411 5970 storo.
1453 5912 1764 5980 remanentne
1803 5909 1985 5966 ennoean.

367 5983 476 6042 “tum
506 5987 534 6043 s.
574 5986 676 6042 otono.
717 5984 828 6041 stoan
856 5984 901 6039 ts.
956 5983 1052 6039 ”uun
1076 5983 1121 6040 es.
1174 5985 1288 6042 amonn
1316 5985 1360 6041 ιιι.
1399 5983 1500 6040 ¹¹nnn
1557 5984 1673 6040 ”nnn
1700 5984 1727 6039 s.
1783 5979 1984 6038 somnae

305 6076 306 6079 ι
367 6052 494 6118 ¹⁸trasna,
519 6056 566 6114 er.
621 6055 728 6123 erno.
786 6057 809 6089 ¹·
825 6053 906 6112 toan.
932 6055 976 6112 to.
1035 6053 1138 6113 ”thie
1193 6055 1361 6114 ”leon-,l
1416 6053 1539 6114 remo.
1563 6056 1617 6126 aa,
1644 6054 1664 6110 ιι
1688 6054 1752 6111 cor.
1775 6055 1803 6110 s.
1858 6052 1881 6085 ι·
1903 6049 1984 6107 toan.

305 6132 309 6153 ι
370 6121 394 6178 1.
427 6125 618 6185 estuanti.
657 6124 770 6185 ⁸’ioan
785 6127 828 6184 19.
867 6124 1022 6184 ”Lucii
1062 6124 1245 6186 ”iisodlb
