5125 7059
605 694 661 753 ota
1137 688 1242 743 Parui
1262 686 1387 744 tretis
1404 682 1544 743 ctlttxatt
1565 679 1718 737 ttda'atttt
2182 682 2235 739 680

609 807 708 863 debitae
730 804 909 860 immanitatis
942 804 1073 873 obsequia
1104 803 1307 875 impenderunt.
1331 803 1396 857 lude
1410 808 1546 870 Aperurrt
1567 797 1723 853 discurrere
1745 813 1793 868 per
1817 807 1916 852 terram
1939 798 2048 854 comitis
2075 799 2176 866 nostri,
2193 815 2238 854 re·

607 897 786 972 progrediens
810 911 903 951 comos
929 907 1041 960 rruster,
1064 895 1139 950 vonit
1162 895 1195 948 arl
1216 904 1338 949 castrum
1361 894 1396 948 de
1447 889 1612 959 rrierrtesqoc
1627 904 1714 958 usque
1730 887 1868 955 llitcrrirrr,
1882 890 2005 945 lerernnt
2023 891 2238 962 runlaqrnecun·

608 988 751 1050 boucolio,
767 985 812 1040 ubi
826 985 974 1040 aluminis
991 985 1074 1040 castri
1090 983 1397 1039 lrorrurilrcccstsusce·
1447 998 1500 1052 quc
1524 991 1672 1051 potuerunt
1687 1001 1693 1035 :
1708 981 1754 1036 sed
1781 990 1808 1035 ct
1830 982 1922 1051 plures
1944 983 1978 1037 de
2006 983 2140 1038 militibus
2161 994 2239 1040 terno

608 1087 680 1149 ptus.
695 1076 758 1131 lude
772 1077 891 1146 perrexit
905 1093 999 1131 coruos
1013 1077 1040 1129 in
1063 1076 1154 1130 villam
1172 1091 1234 1145 quar
1248 1076 1396 1146 Argentata
1448 1073 1557 1127 comitis
1569 1074 1666 1135 nostri,
1687 1075 1788 1144 perimi
1805 1075 1891 1130 ellecti
1906 1083 1933 1129 ct
1946 1076 2047 1130 iuuare
2058 1075 2112 1129 sibi
2126 1077 2239 1132 malitia

608 1170 720 1232 dieitur,
733 1183 766 1221 co
788 1168 861 1238 quod
878 1168 905 1220 in
929 1167 1051 1237 partibus
1067 1167 1120 1220 illis
1134 1176 1207 1221 esset
1219 1166 1331 1236 quidam
1348 1180 1397 1220 no-
1448 1164 1599 1219 recidivum
1625 1165 1768 1235 patientes,
1784 1181 1799 1219 a
1815 1165 1880 1233 lieo,
1900 1175 1927 1220 ct
1942 1164 2063 1221 Ecclesia
2076 1175 2103 1222 ct
2114 1167 2240 1224 dorrriuio

609 1260 683 1323 bilis,
699 1260 812 1313 nomine
823 1258 939 1313 Pontius
949 1259 982 1309 de
1000 1255 1175 1322 llontelaori,
1190 1259 1237 1327 qui
1252 1258 1397 1328 episcopos
1448 1257 1559 1312 crruritis
1574 1257 1659 1312 nostri
1671 1267 1855 1313 recesserunt.
1865 1257 1970 1314 auratis
1983 1275 2048 1313 reru
2063 1274 2241 1331 rumesper-

609 1362 699 1416 terra,
726 1367 818 1421 parem
845 1360 874 1405 ct
896 1350 1059 1414 Ecclesiam,
1084 1351 1110 1403 iu
1140 1362 1273 1420 qnantum
1291 1357 1398 1420 poterat
1448 1347 1517 1401 actis
1540 1348 1567 1401 in
1582 1345 1727 1402 Provincia
1751 1348 1880 1419 negotiis,
1905 1350 2073 1420 pr'oquilrus
2097 1351 2131 1405 arl
2148 1360 2240 1421 partes

608 1444 794 1513 perturbabat.
808 1440 909 1496 Omnes
929 1449 1021 1496 autera
1041 1441 1222 1509 crucesignati
1236 1441 1293 1510 jam
1309 1456 1398 1496 reces-
1449 1437 1510 1494 illas
1527 1449 1691 1504 accesserat,
1706 1440 1832 1496 rediitad
1848 1451 1948 1496 trrraur
1965 1458 2055 1508 suam,
2089 1445 2240 1514 statimque

609 1547 728 1592 seranta
746 1536 847 1589 comite
863 1553 870 1590 :
885 1549 935 1588 acc
960 1535 1078 1588 babebat
1102 1534 1155 1588 nisi
1179 1548 1273 1588 secum
1295 1548 1398 1602 parucos
1450 1537 1551 1584 urrani
1577 1531 1696 1585 bostium
1710 1546 1823 1585 suorum
1840 1532 2011 1603 aggrediens,
2029 1534 2166 1603 equitavit
2179 1543 2240 1588 autc

610 1626 803 1696 stipendiarius
818 1633 844 1679 et
858 1623 1092 1692 archiepiscopum
1105 1621 1312 1677 Narbonensem
1328 1639 1397 1678 :au-
1449 1620 1590 1686 Tolosam,
1617 1623 1662 1676 ubi
1688 1638 1736 1693 per
1757 1623 1816 1678 dics
1828 1625 1985 1694 quindecim
1997 1640 2105 1678 moraur
2123 1624 2239 1692 iaciens,

610 1718 690 1772 diens
712 1719 858 1789 praedictus
872 1714 987 1769 Pontius
1003 1715 1150 1769 adveutum
1166 1715 1277 1770 conritis
1300 1716 1398 1783 nostri,
1450 1713 1550 1767 multas
1562 1715 1727 1768 rmnririorres
1742 1713 1824 1768 diruit
1840 1715 1948 1785 penitus
1965 1726 1990 1770 ct
2002 1715 2152 1771 destruxit.

611 1810 710 1864 timore
721 1811 820 1864 ductus
836 1809 909 1863 venit
922 1808 954 1861 ad
967 1823 1041 1868 curn,
1053 1819 1080 1862 et
1095 1817 1161 1862 sect
1174 1823 1223 1861 sua
1236 1808 1400 1877 ejrrsrolun·
1486 1802 1555 1856 burn
1573 1822 1617 1859 res
1633 1804 1669 1859 ita
1693 1823 1722 1860 se
1747 1805 1869 1867 baberet,
1899 1807 2029 1877 magister
2054 1806 2194 1861 llobertus
2208 1809 2239 1862 dc

611 1903 659 1957 tati
673 1901 800 1956 reddidit.
818 1899 883 1954 Erat
895 1909 1023 1970 praterea
1041 1901 1067 1955 irr
1082 1902 1207 1970 partibus
1222 1901 1276 1956 illis
1299 1902 1399 1956 nobrlis
1449 1896 1588 1952 Coreeoue
1604 1899 1762 1967 cardinalis,
1779 1900 1936 1970 apostoticae
1953 1900 2026 1956 sedis
2042 1900 2162 1972 legatus,
2182 1901 2237 1970 qni,

610 1995 721 2064 quidam
738 2002 845 2062 potens,
860 1992 906 2046 sed
922 1994 1021 2057 rnalus,
1037 1992 1192 2047 ademarus
1205 1991 1398 2056 Pictaricrrsis,
1451 1991 1523 2046 sieut
1536 1992 1662 2061 superius
1675 1991 1807 2060 diximus,
1817 1992 1960 2048 laborabat
1975 1995 2000 2047 iu
2011 1992 2141 2061 Francia,
2154 2012 2240 2065 quan-

611 2087 658 2155 qui
673 2086 811 2155 negotium
825 2083 928 2140 Cbristi
949 2102 1056 2153 semper
1075 2101 1191 2140 crosonr
1216 2085 1360 2150 babuerat,
1373 2095 1400 2139 ct
1452 2090 1509 2137 tuur
1526 2094 1642 2154 poterat,
1670 2101 1719 2155 pro
1734 2087 1843 2156 negotio
1857 2098 1937 2143 terrae
1952 2097 2064 2152 sancta,
2080 2090 2240 2158 praecinatu-

611 2179 694 2233 corrlc
719 2179 871 2231 adira-serat
891 2178 983 2231 comiti
1006 2175 1154 2231 Tolosauo.
1178 2175 1228 2231 llic
1252 2178 1399 2231 adrentum
1416 2152 1437 2206 Β
1452 2190 1550 2244 resque
1566 2186 1684 2242 nostros,
1706 2178 1753 2247 qui
1769 2193 1819 2248 pro
1836 2181 1947 2250 negorio
1968 2180 2031 2234 lidei
2044 2192 2142 2235 contra
2157 2179 2241 2235 luere·

611 2272 720 2327 comitis
733 2270 821 2325 nostri
836 2272 962 2336 audieus,
978 2270 1097 2325 urunirit
1115 2279 1206 2324 castra
1222 2285 1284 2336 sua,
1299 2269 1400 2323 milites
1452 2266 1522 2323 ticos
1535 2268 1685 2337 praedicare
1695 2271 1770 2325 soliti
1785 2283 1873 2336 erant,
1886 2271 1966 2326 nobs
1979 2271 2143 2338 abstulerat,
2161 2272 2241 2325 lari-ir-

610 2366 694 2420 ctianr
708 2379 779 2435 quos
792 2364 880 2434 potuit
906 2364 933 2417 iu
957 2363 1075 2432 quodam
1101 2369 1194 2416 castro
1213 2359 1354 2423 adunarit,
1371 2368 1402 2414 ut
1451 2361 1554 2431 batque
1579 2362 1640 2418 illos
1668 2379 1717 2433 pro
1732 2379 1866 2420 succursu
1883 2374 1961 2419 terrae
1975 2376 2079 2420 sauctae
2094 2364 2242 2421 instantius

612 2459 636 2515 si
650 2474 744 2514 corrrcs
760 2460 905 2512 transitum
922 2455 1024 2510 laceret
1038 2456 1115 2524 juxta
1137 2462 1272 2517 castrum,
1290 2451 1336 2506 illo
1353 2466 1400 2506 ev·
1452 2455 1610 2526 praedicare,
1625 2457 1659 2511 ad
1672 2457 1845 2513 bonorumet
1857 2460 2165 2529 prurlmrtiuruvirorum
2177 2477 2240 2516 corr-

612 2549 664 2606 iret
677 2567 738 2605 curu
751 2552 821 2614 suis,
832 2560 859 2605 ct
871 2550 1044 2618 irrrpugnaret
1057 2545 1143 2600 illud:
1161 2545 1208 2600 scd
1223 2560 1285 2598 curu
1308 2560 1401 2600 eomes
1453 2547 1545 2602 silium
1564 2548 1698 2617 quosdam
1716 2550 1750 2604 de
1765 2550 1902 2618 praedictis
1920 2553 2149 2622 praedicatoribus
2164 2553 2241 2606 uobrs

613 2644 714 2698 nobilis
729 2650 853 2713 perante
868 2652 989 2695 castrum
1012 2639 1151 2702 transiret,
1175 2636 1239 2691 lieet
1255 2651 1318 2689 coru
1334 2650 1401 2704 pau·
1453 2637 1581 2704 reddidit,
1595 2649 1623 2692 ut
1635 2655 1683 2708 pro
1699 2641 1808 2709 negotio
1820 2640 1880 2696 tidei
1893 2642 2082 2712 praedicarent.
2093 2642 2156 2712 lpse
2163 2643 2241 2698 etiarn

613 2737 742 2802 cissirrris,
769 2744 936 2789 nrerrrovatus
961 2732 1126 2796 Adcurarus,
1144 2730 1271 2799 qrrarrrvis
1301 2727 1402 2782 urultos
1453 2732 1487 2783 ad
1507 2729 1705 2800 cvpugrraudos
1734 2732 1877 2787 lraercticos
1904 2731 2058 2788 Tolosauos
2081 2736 2241 2805 suscepitur

614 2830 724 2885 babuci
733 2844 838 2893 seeum,
852 2842 905 2880 nou
917 2834 959 2879 est
970 2839 1055 2878 ausus
1068 2822 1158 2893 egredi
1172 2831 1268 2876 eontra
1281 2830 1400 2876 nostrus.
1453 2831 1564 2893 pectore
1581 2823 1694 2878 uriaco
1708 2825 1818 2895 siguum
1836 2825 1937 2880 crocis.
1952 2825 2023 2893 Quid
2034 2827 2125 2883 ultra?
2137 2827 2243 2884 [ierint

614 2921 682 2977 llum
698 2930 771 2976 essct
792 2934 884 2973 comes
899 2925 991 2971 noster
1006 2917 1033 2969 iu
1049 2915 1173 2985 partibus
1189 2913 1255 2981 illis,
1271 2914 1347 2968 rcrrit
1367 2913 1401 2967 ad
1454 2916 1611 2985 praedicatio
1626 2932 1674 2987 pro
1686 2918 1796 2989 negotio
1812 2917 1874 2974 ildoi
1890 2918 1917 2973 lo
1929 2918 2057 2985 Francia,
2070 2922 2152 2977 mppr
2167 2939 2243 2978 ,quw

613 3029 677 3069 curn
693 3013 748 3065 dur
763 3010 927 3081 Bnrgumliae
942 3009 1011 3075 lldo,
1030 3007 1071 3061 rir·
1085 3016 1182 3077 potens
1196 3013 1224 3060 et
1237 3005 1338 3071 bouus,
1354 3004 1403 3075 qui
1453 3024 1484 3064 sc
1500 3010 1620 3081 signant,
1633 3011 1666 3065 lit
1687 3012 1781 3066 ceratiti
1796 3020 1823 3067 ct
1842 3012 1944 3068 nostris
1968 3014 2098 3085 gaudium
2113 3031 2241 3086 maguum

614 3105 752 3175 negotium
774 3103 835 3158 tidei
849 3111 944 3158 cotnra
963 3100 1116 3163 iraetrliws,
1131 3096 1244 3167 i⁰⁵⁰1*er
1265 3105 1294 3151 ct
1316 3095 1404 3150 efflui·
1454 3103 1542 3158 valdc.
1563 3101 1747 3160 Proditionem
1770 3106 1988 3163 crudelissimam
2012 3124 2074 3180 qnae
2099 3107 2174 3166 laeta
2196 3111 2243 3166 luit

613 3208 668 3253 tem
694 3209 818 3251 nostrum
842 3194 929 3249 mrrlto
951 3191 1166 3262 amplectebatur
1181 3190 1280 3244 affeetu
1299 3207 1305 3242 :
1322 3204 1403 3244 rene·
1455 3197 1501 3252 llio
1524 3207 1646 3267 rerrrporo
1674 3199 1701 3252 in
1735 3201 1863 3256 comitem
1889 3200 2076 3269 bulduinum,
2104 3207 2243 3275 punierim

614 3300 680 3345 runt
696 3289 778 3343 ctiam
805 3303 868 3343 curn
891 3287 961 3341 duee
982 3283 1174 3356 Lugdunensis
1196 3291 1224 3337 et
1240 3280 1403 3337 Viennensis
1456 3306 1505 3345 uec
1526 3291 1653 3348 uolumus
1671 3309 1720 3348 nec
1734 3294 1877 3350 debemus.
1898 3293 1951 3350 istc
1964 3312 2058 3352 coines
2083 3296 2241 3364 llalrluirros,

614 3381 823 3451 oretriepiseopi.
839 3378 907 3433 Duru
920 3394 984 3449 crgo
995 3386 1087 3433 esseut
1101 3376 1157 3431 dux
1169 3387 1299 3430 etcomes
1311 3385 1404 3429 tivsiri·
1455 3382 1540 3439 irater
1561 3386 1669 3440 cnrnitis
1684 3385 1814 3442 Tolosani
1829 3401 1856 3443 et
1872 3390 1944 3458 regis
1962 3388 1983 3443 F
1985 3391 2085 3446 rancia
2098 3393 2242 3447 consubri-

614 3471 961 3543 propelatentiarn,apml
978 3470 1093 3524 lloroam
1119 3475 1288 3523 vocaverint!
1312 3467 1403 3521 inimi·
1457 3494 1518 3544 nus,
1542 3479 1755 3549 longcalratris
1781 3481 1884 3538 malitia
1912 3494 1937 3538 er
1966 3485 1993 3537 irr
2018 3481 2124 3538 Christi
2151 3484 2242 3539 urilitia

614 3579 678 3617 cittii
704 3562 833 3618 Ecclesiae
855 3563 1021 3617 divitiarum
1046 3559 1248 3616 Pleiai'iffliseffl
1262 3559 1295 3613 ad
1319 3558 1404 3613 ⁰⁰¹10·
1456 3573 1520 3626 totis
1547 3573 1652 3628 uiribus
1680 3588 1710 3628 sc
1736 3590 1878 3644 exercens,
1897 3576 2024 3632 comiteur
2060 3574 2243 3633 llurrtislortis

614 3658 710 3726 quium
730 3663 920 3710 :convocatus
932 3655 1017 3718 seuit,
1032 3653 1079 3708 sed
1098 3667 1180 3722 ⁸¹¹liel
1196 3651 1239 3706 ¹¹³⁵
1253 3667 1314 3721 qna
1328 3649 1404 3720 pacis
1455 3659 1732 3718 ctClrristianitateur
1755 3674 1850 3718 contra
1880 3662 1992 3720 barrem
2021 3681 2104 3721 soom
2131 3679 2160 3724 et
2180 3671 2243 3724 alios

614 3757 704 3813 erant,
722 3751 808 3804 noluit
824 3749 918 3803 corrriti
935 3749 977 3803 vel
993 3747 1057 3803 duci
1073 3747 1222 3801 assentire.
1237 3744 1304 3800 ltcur
1320 3760 1404 3800 roca·
1455 3751 1549 3808 lrosres
1563 3755 1634 3821 lirici,
1652 3766 1784 3826 quantum
1807 3767 1924 3828 poterat,
1945 3758 2103 3828 adjurabat.
2122 3761 2242 3829 Quadam

615 3851 714 3896 i'cruut
728 3856 792 3897 eum
818 3842 874 3896 dur
892 3850 920 3896 et
937 3856 1031 3896 curuos
1047 3847 1141 3896 noster
1163 3839 1197 3894 ati
1222 3838 1403 3908 colloquium,
1455 3844 1539 3916 igitur
1553 3847 1607 3914 dic,
1619 3850 1738 3904 secunda
1755 3850 1878 3907 r'idclicct
1893 3851 1959 3906 teria
1977 3861 2040 3922 post
2054 3852 2177 3924 primam
2192 3854 2242 3908 llo·

614 3943 642 3987 et
663 3942 728 3988 tunc
751 3934 861 4004 quidcru
886 3934 955 3988 nilril
980 3934 1112 4003 prolicere
1128 3941 1287 4002 potueruut.
1303 3928 1405 3986 iibens
1455 3938 1586 3994 rniuicanr
1611 3937 1931 4012 Quadr·agesiurae,rerrit
1945 3943 2092 4013 praedictos
2106 3945 2242 4000 cornesad

616 4024 698 4095 igitur
708 4026 781 4096 qood
795 4025 863 4079 nilril
876 4025 1008 4095 prolicere
1025 4033 1129 4094 posset,
1141 4033 1233 4078 nrotus
1247 4023 1288 4077 ira
1299 4033 1326 4078 ct
1335 4022 1406 4076 indi·
1454 4031 1591 4102 quortpqm
1605 4046 1726 4090 mserum
1741 4032 1768 4086 iq
1783 4033 1949 4090 eaqqpqcnsj
1962 4033 2087 4100 prm-esi,
2101 4037 2178 4108 quoq
2191 4036 2244 4091 op.

615 4118 745 4189 rruatiour
760 4118 816 4172 dnr
839 4127 936 4173 contra
960 4118 1138 4181 ademarum,
1161 4116 1290 4186 promisit
1310 4115 1404 4171 cnnriri
1455 4139 1499 4178 rna
1514 4124 1665 4179 dicebatur.
1681 4124 1777 4179 Starim
1787 4126 1888 4181 milites
1901 4124 1935 4182 de
1949 4135 2041 4183 castro
2054 4127 2162 4199 dloqui
2172 4139 2243 4185 eraut

616 4219 723 4274 nostro,
743 4210 817 4279 quod
830 4211 883 4265 nisi
896 4210 1072 4279 supradictus
1085 4209 1240 4264 ddcmarus
1251 4217 1337 4263 staret
1357 4223 1405 4278 per
1454 4211 1581 4269 homines
1606 4215 1691 4284 ipsius
1719 4217 1839 4282 caortiis,
1856 4216 1991 4272 miserunt
2014 4217 2049 4273 ad
2070 4221 2242 4290 ruprarinset

615 4303 707 4356 omnia
722 4303 851 4356 mandato
868 4301 1004 4368 Ecclesiae,
1018 4312 1045 4357 ct
1060 4302 1172 4356 baberet
1183 4317 1212 4356 sa
1228 4301 1262 4355 ad
1278 4300 1405 4355 volunta·
1455 4305 1590 4375 quosdam
1611 4308 1711 4363 urilites
1738 4307 1898 4379 indigenas,
1926 4308 2063 4379 pessimos
2088 4311 2240 4375 traditores.

616 4403 670 4449 tenr
681 4395 789 4449 comitis
805 4395 900 4460 nostri,
914 4404 940 4448 et
952 4409 1033 4464 super
1045 4394 1088 4449 bis
1100 4395 1198 4449 bonaur
1211 4392 1314 4448 iaceret
1326 4408 1405 4447 arcti·
1454 4399 1502 4468 qui
1512 4408 1590 4453 oraru
1599 4400 1624 4453 in
1633 4402 1751 4470 quodam
1764 4401 1853 4455 ricino
1861 4410 1962 4469 castro,
1974 4401 2049 4471 quod
2057 4401 2242 4457 dicitnrllons

616 4488 734 4552 ritatem,
759 4490 816 4556 ipse
835 4487 889 4541 dur
907 4501 970 4541 curu
990 4487 1092 4541 cornito
1109 4495 1204 4541 nostro
1226 4501 1289 4539 curu
1313 4485 1404 4554 impu·
1454 4488 1624 4558 Leonardus,
1636 4501 1663 4548 et
1676 4493 1864 4565 significarunt
1875 4494 1926 4560 cis,
1941 4493 2013 4564 quod
2025 4508 2123 4550 comcs
2136 4493 2241 4550 aaron·

617 4589 722 4650 guarel.
741 4578 838 4634 Statim
853 4579 935 4633 etiam
958 4580 1066 4633 vocavit
1092 4579 1185 4647 plotas
1208 4576 1312 4630 trifiles
1327 4591 1403 4638 SUOS·
1455 4598 1508 4638 uus
1535 4593 1594 4638 crat
1609 4583 1635 4638 irr
1650 4581 1747 4648 Olirna,
1765 4584 1926 4639 rrranrlarrtes
1949 4592 1978 4639 ut
1995 4583 2138 4650 verrircrrt,
2151 4585 2241 4639 etsinc

617 4671 706 4725 iturus
719 4687 781 4724 curn
798 4671 898 4724 cornitc
912 4679 1006 4722 nostro
1018 4676 1114 4721 contra
1126 4666 1292 4720 rldeurarunr
1305 4664 1404 4732 saepius
1454 4675 1706 4746 qjffifflqqaqpapqqq
1719 4677 1859 4731 paperem
1871 4676 1912 4731 θῇς
1927 4677 2055 4731 compen,
2066 4675 2239 4732 pampinum,

617 4771 798 4817 memoratum
817 4779 822 4813 :
838 4759 911 4830 quod
927 4759 1041 4812 audiens
1054 4756 1216 4821 rldcurarus,
1235 4758 1344 4809 tandem
1357 4770 1405 4807 rre·
1455 4767 1513 4822 110„
1527 4769 1829 4840 ipen,sngqpfflqpum
1841 4770 1950 4824 cuppam
1969 4768 2097 4824 qqqqqofq
2113 4770 2240 4840 pessimo,

617 4855 743 4908 cessitate
766 4854 874 4916 duetus,
898 4851 970 4905 veuit
987 4851 1020 4904 ²¹¹¹
1047 4849 1143 4904 d⁰t⁰¹¹¹
1167 4857 1194 4901 ⁰²
1213 4846 1340 4901 ⁰0¹⁰i¹ss¹¹¹
1354 4862 1404 4898 ¹¹⁰·
1419 4859 1441 4915 ll
1456 4860 1503 4913 sed
1527 4861 1645 4927 occulto,
1671 4859 1782 4916 llatcrio
1807 4861 1932 4916 videlieet
1945 4862 1979 4917 dc
1995 4860 2183 4919 Castronoro.
2195 4859 2241 4915 tre

617 4954 716 5006 strurn,
730 4953 757 4997 et
774 4960 803 4998 se
825 4943 925 4996 obtulit
947 4956 1043 4996 corum
1066 4956 1113 5010 per·
1140 4939 1232 4993 omnia
1255 4937 1401 5002 uoluntati,

616 5035 728 5090 tradidit
751 5035 835 5088 etiarn
851 5034 975 5104 qoaedanr
999 5039 1089 5085 castra
1105 5046 1155 5086 sua
1178 5045 1228 5099 pro
1244 5028 1402 5095 securitate,

617 5142 678 5198 qua·
696 5142 790 5180 comes
805 5125 944 5179 eonrrnisit
962 5123 1025 5176 duci
1040 5122 1228 5178 custodienda.

652 5217 756 5273 lrrterea
780 5217 943 5272 venerabilis
955 5214 1035 5270 l‘ater
1054 5213 1242 5270 Nar-barrensis
1263 5213 1403 5284 arelricpi·

615 5328 728 5383 scupos,
744 5315 784 5365 vir
799 5311 915 5366 eorrsilio
940 5311 1109 5381 proriduset
1121 5310 1233 5364 nrrnrirro
1251 5310 1402 5374 virtuosus,

616 5407 650 5461 ad
662 5406 742 5474 cujus
758 5405 936 5458 monitionem
949 5404 1031 5458 ctiam
1049 5403 1195 5472 pradictus
1205 5402 1260 5455 dur
1275 5400 1402 5470 burgun-

616 5497 668 5551 diae
691 5496 725 5550 ad
750 5505 840 5564 partes
865 5503 975 5548 verrerat
996 5491 1174 5554 i'ierrrrcrrscs.
1191 5493 1274 5562 erepit
1298 5500 1403 5547 tentare

616 5588 764 5644 caradoco
794 5588 827 5640 de
844 5587 963 5657 argutio,
986 5601 1035 5654 pro
1051 5601 1106 5654 qno
1132 5585 1220 5655 ipsum
1246 5594 1402 5650 vocaverat,

616 5681 650 5735 tle
661 5681 849 5735 coutralroudo
867 5680 992 5734 videlicet
1014 5678 1191 5733 uratriurouio
1208 5678 1278 5732 iuter·
1296 5679 1401 5748 prirno-

616 5775 737 5844 genitum
755 5775 864 5828 corrritis
880 5772 977 5835 nostri,
1002 5773 1112 5826 nornine
1135 5771 1314 5837 lllruaricuur,
1330 5784 1356 5825 et
1368 5772 1401 5825 ti-

617 5867 680 5921 liarn
696 5866 831 5937 llelplriui,
853 5867 900 5937 qui
921 5876 981 5921 erat
1001 5866 1129 5937 prinecps
1145 5875 1252 5935 potrus,
1267 5875 1294 5918 et
1318 5866 1402 5919 irater

616 5979 762 6033 germanus
785 5965 872 6032 ipsius
890 5963 979 6019 ducis.
1003 5963 1148 6034 acquievit
1172 5963 1227 6018 dur
1247 5964 1402 6018 consilinet

616 6057 747 6110 voluntati
763 6056 970 6126 archiepiscopi.
993 6054 1098 6110 lrrtcrea
1122 6057 1187 6110 dum
1212 6057 1269 6110 lare
1285 6071 1401 6125 agerea-

616 6157 672 6213 tur,
692 6149 893 6219 bvragorreascs
913 6148 1028 6220 ruptarii
1043 6158 1069 6204 ct
1088 6148 1133 6202 alii
1149 6149 1209 6202 troci
1224 6147 1327 6203 inimici
1344 6164 1398 6203 eta-

1456 4950 1593 5018 llaterius,
1603 4954 1708 5022 jamdiu
1721 4954 1819 5008 inierat
1833 4954 1923 5010 loedus
1937 4970 1999 5009 curn
2013 4954 2120 5008 comite
2132 4952 2240 5007 llnrrtis·

1454 5045 1545 5111 lortis,
1559 5056 1585 5101 et
1596 5046 1736 5116 juraverat
1750 5046 1774 5100 ei
1788 5047 2070 5102 §rudimentorum
2084 5047 2171 5102 ctiam
2187 5045 2240 5099 llat-

1454 5138 1556 5194 doinus
1578 5139 1610 5193 de
1631 5140 1691 5208 ipso
1718 5140 1796 5209 quasi
1823 5139 1857 5194 dc
1882 5140 1972 5193 amieo
1991 5137 2161 5194 corrlidcbat.
2176 5136 2239 5206 Quid

1454 5231 1552 5300 plura?
1568 5231 1642 5285 rcrrit
1658 5247 1732 5294 uror,
1748 5227 2038 5286 etcomesllaldaiuus
2055 5243 2187 5296 securus,
2201 5238 2239 5284 ut·

1454 5332 1518 5390 pote
1536 5323 1606 5376 iuter
1618 5338 1694 5385 suos,
1711 5339 1819 5377 soururo
1834 5337 1864 5376 sc
1876 5321 1951 5375 dedit
1965 5330 1993 5375 et
2007 5320 2110 5390 quieti.
2123 5321 2191 5378 Erat
2200 5337 2240 5376 an·

1455 5425 1508 5469 tem
1523 5432 1585 5469 curn
1599 5416 1698 5469 cornito
1706 5413 1839 5469 llalduino
1848 5415 1927 5468 miles
1937 5414 2049 5483 quidam
2060 5410 2238 5485 Fraucigcna,

1455 5509 1566 5561 nornine
1583 5507 1744 5561 Guillclrnus
1758 5507 1791 5561 dc
1808 5505 1930 5570 Corrtris,
1950 5505 1994 5561 cui
2018 5521 2115 5562 comcs
2133 5506 2239 5561 llorrtis·

1454 5598 1534 5653 lor-tis
1547 5599 1659 5653 dederat
1672 5609 1793 5654 rastrum
1813 5599 1963 5669 quoddam,
1975 5598 2049 5670 quod
2060 5599 2169 5656 dicitur·
2179 5598 2237 5654 Sar·

1454 5707 1593 5746 raceunrn.
1609 5691 1726 5759 Quirlarn
1745 5693 1826 5746 etiarn
1849 5694 1973 5748 sarriens
1993 5690 2171 5764 francigena
2194 5707 2236 5748 cu⁴
2270 5701 2271 5736 ὲ

1455 5782 1589 5836 stodicbat
1619 5793 1740 5837 castr-uro
1771 5782 1843 5853 quud
1874 5781 2043 5854 iliqsiaennr
2070 5784 2234 5838 nominatur.

1453 5873 1663 5939 Quiesernribos
1691 5873 1774 5943 igitur
1799 5875 1898 5929 comite
1922 5883 1950 5928 ct
1978 5873 2033 5928 illis
2059 5875 2112 5946 qui
2134 5883 2235 5954 cura?

1451 5976 1541 6031 crant,
1568 5966 1593 6018 iu
1614 5965 1730 6020 dirersis
1752 5966 1880 6021 domibus
1898 5967 1934 6020 alr
1959 5966 2081 6022 inv-icem
2096 5966 2233 6040 saporam

1451 6057 1579 6113 denrinus
1593 6059 1687 6122 rastri,
1701 6059 1803 6114 clarem
1823 6074 1939 6114 camerac
1954 6060 1981 6114 in
2001 6077 2056 6132 qua
2074 6077 2172 6119 cornus
2183 6059 2232 6116 su

1451 6149 1552 6204 dairurs
1580 6149 1733 6205 dormiebat
1758 6150 1906 6222 arripiens,
1934 6151 2066 6210 obscrato
2092 6150 2230 6224 ostio,dt
