5125 7059
355 698 409 757 3„
544 759 545 762 .
958 670 1121 738 ntsrotns
1140 680 1386 742 sterneretur.
1899 684 1973 741 sn

354 815 437 867 ritas.
451 812 479 860 et
489 803 581 859 omnin
593 802 665 858 bona
677 815 739 871 oue
761 799 798 876 in,
808 799 868 870 ipsa
896 807 976 856 erent
994 812 1139 853 consume·
1156 803 1178 859 ,t
1193 807 1249 855 tute
1259 797 1424 854 obedientie
1435 805 1466 855 ut
1480 795 1582 854 laceret
1595 796 1669 869 quod
1690 797 1829 868 petelnnt.
1851 796 1978 868 Suscepit

353 905 461 963 rernm,
474 897 549 951 etitn
562 893 606 950 illc
619 892 666 963 qui
687 889 875 962 praetlcicmlus
897 899 957 945 erat
983 897 1062 943 terre
1088 887 1139 954 llll,
1192 893 1275 962 igitur
1290 900 1370 947 terrae
1379 891 1595 961 gubernaculum
1607 890 1650 946 rir
1660 888 1792 961 prelatus
1811 891 1844 946 ad
1868 892 1976 947 laudem

352 1004 409 1042 nott
426 988 539 1043 halteret
552 985 810 1048 ttndevitetct,ttec
823 989 916 1052 postet
930 979 1032 1036 milltes
1045 986 1127 1036 citet·
1192 985 1239 1042 Dei
1253 994 1282 1040 et
1292 985 1425 1039 honorem
1443 981 1585 1049 Ecclesiae,
1610 984 1818 1055 depressionem
1844 983 1978 1042 laaeretieae

352 1084 462 1136 vientes
479 1087 572 1135 tenere
584 1078 619 1134 sd
635 1087 735 1132 terrem
751 1072 970 1132 custodiendam.
993 1069 1034 1126 tu
1049 1069 1142 1126 consi·
1191 1076 1344 1148 praetentis.
1356 1073 1405 1132 llic
1416 1075 1615 1132 adnectendum
1632 1085 1674 1132 est
1694 1076 1835 1148 quoddam
1848 1078 1978 1134 relatione

353 1173 422 1238 lium
438 1173 523 1243 igitur
533 1172 666 1227 baronum
682 1178 828 1226 tractatum
843 1166 930 1222 estde
940 1178 1008 1236 paee
1022 1163 1049 1218 in
1068 1164 1142 1219 ltunc
1192 1169 1394 1242 dignissimum,
1406 1169 1479 1240 qnod
1493 1168 1646 1234 contigerat
1656 1170 1846 1238 pautoamojn
1861 1169 1977 1226 Francia

353 1262 479 1320 modum·
493 1260 710 1316 Ordinatomest
729 1260 802 1330 cuod
828 1271 926 1314 omne·
947 1255 1142 1327 egrederentur
1191 1263 1226 1320 ne
1241 1259 1657 1319 nosnteomnettoncstoms.
1671 1258 1789 1316 nminat
1803 1260 1978 1332 nullamne

352 1354 434 1425 nudi,
449 1363 477 1410 el
489 1351 698 1418 ilteltdefflllt
711 1352 966 1407 liveffltnmttleffl
978 1347 1141 1406 incustodia
1190 1355 1450 1415 venerabilisaltltos
1470 1354 1582 1409 vallium
1606 1353 1724 1426 Sarnay,
1752 1352 1841 1409 Guido
1867 1354 1980 1410 nominc

353 1454 504 1511 tenemini·
518 1444 589 1500 Mna
608 1443 699 1500 ⁰¹¹¹¹ti³
716 1454 891 1498 temnerent
904 1441 955 1507 illi·
973 1441 1021 1512 oui
1033 1440 1143 1498 ‘illumi
1192 1449 1379 1521 supradictus,
1390 1447 1439 1519 qui
1449 1446 1590 1517 negotium
1601 1445 1664 1502 tidei
1679 1454 1774 1502 contra
1791 1445 1936 1503 ltercticos
1949 1446 1980 1502 ln

352 1546 415 1592 erst
426 1537 554 1593 dominus
565 1536 645 1592 dictae
656 1545 736 1592 terre
749 1533 786 1590 ol)
799 1535 991 1591 necessitatem
1015 1533 1142 1604 superius
1192 1550 1326 1615 quantum
1349 1549 1458 1612 poterat
1479 1538 1688 1610 premonstrata
1710 1539 1780 1594 duee
1797 1536 1979 1607 'Burgundine

354 1630 541 1698 nominatam,
563 1629 722 1698 tactumque
735 1637 778 1682 est
796 1626 845 1684 ita.
867 1625 979 1698 Egressi
997 1634 1063 1683 sunt
1078 1641 1143 1698 ergo
1193 1632 1282 1703 ipsine
1304 1631 1384 1689 ducis
1405 1629 1512 1686 litteras
1536 1628 1643 1685 habens
1668 1643 1779 1692 mcum,
1807 1627 1981 1684 continentes

353 1735 452 1778 omnes
461 1721 527 1777 nudi
540 1721 574 1776 de
596 1720 717 1787 civitate,
732 1719 801 1775 niltil
815 1735 909 1776 secum
922 1728 1020 1789 preter
1032 1725 1142 1788 peecata
1193 1725 1267 1796 quod
1284 1724 1339 1780 dux
1363 1721 1615 1794 rogabatmmitetn
1637 1718 1840 1786 llontis-lortis,
1863 1730 1894 1774 ut
1916 1734 1980 1775 cnrn

352 1823 506 1885 portantes.
523 1813 601 1870 'lone
610 1813 788 1885 adimpletum
800 1821 842 1871 est
852 1811 926 1883 nttctl
937 1811 1041 1867 dictum
1055 1809 1144 1866 fueret
1194 1818 1255 1888 ipso
1267 1833 1297 1873 se
1309 1816 1465 1887 accingeret
1479 1816 1515 1873 ad
1529 1815 1656 1872 militiam
1679 1811 1744 1869 lesu
1758 1811 1862 1868 Christi
1883 1823 1980 1866 cnntrn

354 1924 404 1982 per
429 1906 613 1964 renerabilem
640 1908 729 1963 virum
754 1905 961 1976 Berenporium,
985 1905 1033 1974 qui
1053 1902 1144 1962 inerat
1195 1908 1348 1975 hereticos,
1363 1908 1484 1980 ingentia
1498 1910 1570 1965 dona
1586 1909 1713 1975 ollerens,
1731 1909 1754 1964 si
1770 1907 1982 1977 introcacqnie·

352 2000 503 2072 episeopus
521 2000 710 2056 &ressone
735 1997 796 2064 nn,
821 2013 884 2053 cum
907 1997 1027 2068 quinam
1052 1996 1097 2050 die
1114 1993 1143 2049 in
1194 2000 1365 2057 tenerem
1380 2002 1416 2057 n.
1431 1999 1661 2072 ecnrtgnanen
1675 2001 1807 2056 orticius
1829 2000 1915 2054 sutas
1934 2013 1982 2053 vs-

353 2092 464 2147 eivitntc
478 2106 529 2147 sua
553 2090 725 2162 praedicoret,
746 2088 920 2158 civibusque,
950 2085 1023 2142 sicut
1046 2084 1144 2140 solitus
1195 2089 1273 2144 niens
1287 2105 1302 2146 a
1317 2090 1387 2146 duce
1400 2090 1504 2147 dictum
1522 2091 1651 2146 comitem
1670 2091 1806 2146 inveniret
1822 2092 1848 2147 in
1863 2091 1981 2148 ecclesia

352 2192 425 2247 erat,
439 2182 566 2238 heresim
580 2183 788 2253 improperaret,
805 2180 952 2236 noluerunt
963 2192 1026 2234 eum
1036 2175 1141 2234 audire.
1161 2154 1336 2254 ”cujusdam
1350 2185 1433 2240 cosm
1446 2184 1535 2255 ipsius
1547 2183 1667 2249 comitis,
1677 2185 1750 2254 quod
1765 2181 1869 2239 <licitur
1880 2182 1997 2252 lippis.v

354 2271 463 2339 Quibus
478 2271 523 2329 ille
536 2292 543 2329 ε
558 2293 568 2326 ι
584 2272 641 2330 i'os
655 2288 698 2330 mc
715 2272 810 2328 audire
829 2285 884 2327 non
912 2268 1017 2324 tultis:
1041 2267 1143 2324 credite
1194 2272 1283 2338 tortis,
1296 2274 1460 2343 quibusdem
1475 2274 1591 2344 negotiis
1601 2283 1766 2344 occupatum
1784 2292 1791 2328 :
1807 2274 1983 2343 cumquealt-

355 2366 442 2434 milen
457 2380 508 2438 ego
520 2375 626 2422 tantum
650 2365 785 2435 mugitum
811 2363 935 2419 emittam
962 2370 1058 2417 eontra
1081 2376 1142 2427 vos.
1192 2366 1243 2424 bas
1259 2375 1386 2423 vocasset
1401 2367 1478 2422 illum
1494 2366 1523 2422 in
1537 2375 1655 2436 partem,
1673 2367 1753 2422 ducis
1765 2367 1871 2422 litteras
1888 2377 1982 2423 osten·

354 2459 429 2530 quod
444 2459 581 2515 tremotis
592 2457 686 2513 mnndi
699 2455 955 2528 partibustenient,
973 2453 1022 2525 qui
1035 2455 1144 2510 destru·
1193 2475 1287 2525 sums,
1306 2459 1444 2515 transiens
1459 2458 1531 2515 idem
1551 2474 1646 2516 comes
1663 2474 1711 2530 per
1723 2458 1875 2514 cancellum
1893 2459 1983 2514 eccle·

355 2550 506 2606 cultillum
522 2549 613 2615 islam.
626 2549 788 2604 certissime
801 2555 892 2602 autem
908 2546 1005 2603 sciatis
1019 2543 1143 2618 quodsi
1193 2553 1253 2617 sie,
1264 2553 1365 2609 librum
1379 2551 1503 2609 Psslterii
1513 2567 1595 2623 quern
1613 2566 1696 2622 super
1707 2551 1854 2608 lormnlam
1879 2551 1983 2607 invenit

355 2643 438 2698 lerrei
449 2650 477 2697 et
489 2641 617 2699 altissimi
633 2650 724 2698 essent
737 2639 808 2695 nturi
832 2638 954 2695 civitatis
978 2637 1070 2702 istius,
1088 2650 1142 2692 nnn
1192 2643 1424 2715 apprehendens,
1446 2643 1539 2699 divino
1560 2650 1629 2698 nutu
1644 2657 1679 2697 ex
1703 2641 1842 2698 industria
1863 2641 1982 2712 aperuit,

355 2735 476 2806 possetis
486 2751 535 2792 ros
548 2733 693 2793 defendere
706 2733 774 2803 quin
786 2745 836 2804 pto
850 2739 941 2787 restra
953 2729 1144 2786 incredulilele
1192 2737 1308 2808 digitum
1322 2751 1403 2808 suunt
1416 2750 1499 2805 snper
1508 2735 1626 2806 primam
1647 2735 1749 2790 lineam
1776 2743 1883 2798 tenens,
1912 2734 1983 2789 dixit

355 2838 384 2883 et
394 2828 511 2896 malitia,
523 2826 687 2899 condignam
702 2825 843 2896 recipiatis
857 2839 873 2879 a
885 2822 1143 2894 justissimojudice
1192 2828 1285 2884 alrltati
1300 2846 1307 2884 ι
1323 2827 1456 2899 Exponite
1468 2826 1536 2882 mihi
1563 2805 1734 2897 scripturam
1759 2826 1852 2886 istam.
1874 2825 1983 2896 inpetis

356 2922 501 2987 ultionem.
517 2938 528 2977 l
550 2918 664 2991 Propter
679 2919 738 2974 ¹¹2⁰
750 2926 778 2974 0²
790 2917 832 2972 ¹¹5⁸
855 2915 957 2972 Similia
971 2914 1085 2985 (1⁰²0ss
1099 2913 1144 2972 vir
1192 2923 1249 2981 sat‘t
1259 2921 1332 2977 Deos
1346 2921 1484 2976 mandauit
1496 2921 1529 2976 de
1546 2930 1581 2986 te,
1593 2929 1623 2975 at
1637 2921 1791 2977 custodiunt
1813 2930 1837 2974 te
1848 2921 1876 2973 in
1897 2922 1984 2974 orrrni·

357 3011 551 3073 uncllsstimltt
563 3011 717 3077 issl⁰¹¹²b³¹0
744 3009 863 3080 quodam
885 3016 1007 3077 [wilm
1030 3006 1143 3077 expule·
1193 3018 1241 3075 tea
1252 3019 1302 3073 riis
1318 3018 1386 3075 teia:
1400 3017 1429 3071 in
1440 3015 1562 3070 munitur
1575 3015 1719 3086 portoient
1733 3025 1768 3082 te,
1782 3031 1814 3069 ne
1828 3004 1985 3084 {ostenden-

357 3115 496 3163 runteum
509 3105 575 3171 dicti
588 3105 662 3165 cites
677 3104 711 3160 de
722 3104 844 3167 civitate,
860 3101 1012 3158 inhibendo
1035 3115 1143 3173 preco·
1192 3110 1241 3166 aas
1253 3108 1289 3163 aa
1298 3107 1413 3178 lapidem
1427 3106 1518 3178 mrtem
1531 3115 1607 3161 ιιιιιιιι
1618 3104 1707 3177 (Prot.
1721 3103 1778 3175 sc),
1800 3106 1873 3177 qnod
1886 3105 1978 3160 divina

357 3200 401 3256 ais
412 3214 480 3258 reae
490 3197 692 3254 districtissime
706 3206 734 3257 et
747 3194 799 3254 sub
813 3209 893 3267 poena
906 3192 1075 3266 gratissime
1098 3191 1143 3248 ul·
1193 3200 1373 3271 dispositione
1398 3198 1550 3270 provisum,
1581 3198 1621 3254 rei
1644 3199 1735 3254 caitus
1761 3197 1985 3254 manifestissime

356 3293 453 3356 tionis,
466 3307 501 3349 ne
512 3292 574 3363 quis
585 3291 613 3346 in
624 3290 741 3348 emendo
753 3290 794 3346 vel
805 3288 956 3354 vendendo,
970 3286 1022 3342 siti
1035 3286 1144 3344 relsuis
1193 3289 1391 3360 comprobarit.

357 3381 474 3441 auderet
487 3382 515 3438 in
526 3382 620 3452 aliquo
630 3380 846 3438 communicare.
863 3376 943 3435 Nunc
958 3378 985 3433 id
1003 3375 1076 3448 quod
1091 3392 1145 3433 coe·
1475 3402 1593 3461 CAPUT
1610 3402 1705 3460 xpm·

357 3480 451 3550 ΡΜ
470 3491 665 3549 “mmuh
690 3475 805 3574 mdiu·
827 3471 939 3573 ΜΨ
965 3479 992 3527 ‘³
1015 3469 1179 3583 ⁰F¹⁰¹b⁰⁸c
1198 3500 1235 3559 tte
1247 3499 1387 3574 preclaris
1404 3497 1489 3554 arieti
1500 3506 1525 3552 et
1539 3497 1656 3567 eorporis
1671 3496 1778 3550 dotiias
1798 3493 1917 3551 Sinonis
1941 3512 1986 3550 eo·

356 3567 489 3639 egressis,
504 3568 645 3637 eliguntur
658 3566 692 3622 de
714 3573 838 3620 exercitu
864 3562 978 3628 milites,
1000 3574 1049 3630 out
1071 3559 1143 3616 bona
1442 3569 1515 3622 mm,
1531 3567 1736 3637 unsre-prin.

357 3661 480 3719 civitatis
493 3659 607 3717 fideliter
620 3658 801 3716 custodirent.
1051 3703 1056 3723 .
1229 3661 1300 3731 Quia
1314 3676 1380 3718 vero
1391 3660 1444 3717 loci
1458 3659 1649 3731 opportunitas
1663 3674 1693 3714 se
1703 3657 1827 3729 ingessit,
1847 3657 1920 3729 qnod
1938 3673 1985 3713 ru·

614 3770 730 3830 mppr
746 3768 820 3827 χιιι
834 3772 886 3827 tp,
1195 3756 1279 3812 tionis
1291 3754 1360 3813 ordo
1373 3751 1507 3825 deposcit,
1523 3751 1569 3808 hic
1583 3751 1617 3807 de
1637 3750 1723 3808 nobili
1738 3737 1849 3806 'conrite
1868 3748 1986 3806 llontis·

358 3870 574 3944 asymam,
586 3863 970 3935 u0„153.s0nm„pff„0;pm
981 3864 1145 3920 unimam
1196 3846 1292 3915 lortis,
1320 3845 1394 3917 quod
1419 3845 1547 3901 norimus
1569 3845 1735 3901 inseramus.
1761 3842 1855 3898 Primo
1880 3843 1987 3899 dicetur

555 3938 665 3992 ditionis
679 3934 825 4018 licintsnrti
839 3936 954 3990 comitis.
1196 3941 1339 4013 quoderat
1355 3954 1453 4011 genere
1477 3937 1636 4010 preclarus,
1662 3936 1763 3992 virtute
1789 3935 1931 4002 robustus,
1957 3935 1986 3991 in

393 4031 645 4103 Quibtltomtlibtts
661 4028 790 4098 peractis,
814 4027 962 4083 consilium
992 4025 1148 4082 babuerunt
1197 4035 1281 4090 armis
1292 4034 1440 4105 plurimum
1452 4031 1628 4091 exercitatus,
1642 4029 1708 4086 Erat
1721 4039 1899 4102 praeterep‚ut
1908 4044 1987 4084 καὶ·
2091 4067 2095 4082 ,

359 4128 478 4194 barum
490 4125 525 4180 ed
540 4124 666 4186 invicem.
683 4135 764 4191 ‘tuem
776 4120 906 4176 ueterem
919 4118 1057 4191 ttraeficere
1069 4129 1147 4176 terre
1197 4126 1297 4181 dumos
1308 4125 1342 4180 ad
1358 4123 1490 4190 lortnarn,
1505 4133 1611 4181 sutura
1626 4139 1768 4195 procerus,
1784 4123 1898 4178 cesarie
1922 4137 1986 4192 spe·

360 4220 508 4293 predicta.
522 4216 556 4272 Et
569 4215 658 4287 primo
671 4213 782 4286 quidem
795 4213 919 4269 oblatum
934 4212 987 4268 luit
1003 4222 1082 4269 terre
1098 4213 1148 4268 do-
1197 4217 1317 4284 ctaltilis,
1338 4215 1409 4273 lacie
1430 4217 1552 4288 elegans,
1576 4224 1688 4287 aspectu
1710 4215 1838 4281 decorus,
1863 4213 1988 4270 humeris

360 4313 476 4376 minium
491 4308 584 4365 comiti
598 4304 773 4368 Niterncrni,
784 4314 880 4375 postca
890 4304 954 4364 duci
965 4303 1146 4377 Burgundic3
1197 4308 1331 4373 eminens,
1347 4307 1603 4373 braclriiseaertus,
1615 4321 1729 4377 corpore
1745 4315 1888 4372 retrustus,
1898 4321 1986 4361 mem·

360 4407 406 4460 sed
421 4403 547 4473 accipere
566 4400 724 4456 noluerunt.
751 4396 898 4468 Eliguntnr
922 4397 1006 4469 igitur
1028 4399 1062 4454 de
1092 4407 1148 4454 toto
1198 4399 1255 4455 bris
1267 4398 1397 4455 omnihus
1416 4399 1495 4471 agilis
1511 4406 1539 4455 et
1559 4393 1678 4464 subitis,
1701 4413 1765 4453 acer
1782 4406 1811 4453 et
1828 4397 1937 4463 alacer,
1957 4397 1985 4452 in

360 4494 482 4551 exercitu
498 4492 553 4548 duo
567 4489 687 4563 episcopi
700 4496 728 4544 et
740 4497 859 4559 quatuor
870 4488 983 4557 milites,
998 4498 1024 4546 et
1035 4490 1149 4562 insuper
1199 4489 1272 4545 nullu
1290 4489 1333 4545 sui
1344 4489 1386 4545 rel
1401 4488 1510 4545 modica
1535 4497 1613 4559 parte
1633 4489 1714 4544 etiam
1731 4488 1766 4544 sl)
1783 4489 1863 4544 ltostc
1883 4489 1927 4543 rel
1944 4488 1987 4542 in·

359 4588 449 4644 atthas
460 4582 817 4655 eistereienstsapostottcae
827 4579 900 4638 sedis
908 4581 1013 4652 legatus
1023 4581 1058 4645 ad
1070 4592 1149 4638 terras
1198 4583 1262 4639 vido
1276 4582 1474 4653 reprobandus.
1491 4580 1606 4638 liemum
1621 4591 1651 4637 ut
1664 4583 1846 4637 ascendemus
1869 4581 1903 4636 ad
1927 4597 1988 4636 mn·

360 4680 506 4738 dominum
531 4675 685 4747 eligendum
713 4695 721 4731 :
747 4674 795 4745 qui
823 4673 937 4728 tirmiter
965 4673 1150 4744 promiserunt
1196 4671 1268 4742 jors,
1278 4680 1339 4727 erat
1351 4670 1479 4728 lacundia
1491 4672 1621 4738 disertus,
1637 4668 1795 4727 allabilitate
1809 4671 1907 4738 comis,
1919 4686 1987 4726 eon·

361 4772 437 4846 qnod
451 4770 528 4826 illum
543 4767 686 4840 eligerent,
695 4781 776 4837 onem
792 4765 944 4830 secundum
955 4764 1041 4821 lleum
1056 4775 1084 4822 et
1097 4782 1149 4821 sc·
1200 4763 1472 4831 tubernioamsbilis,
1492 4764 1619 4820 castitate
1634 4763 1844 4829 mundissimus,
1876 4763 1988 4819 humili·

361 4867 457 4922 cnlunt
483 4862 586 4919 scirent
606 4859 755 4916 utiliorem.
781 4855 816 4911 lli
841 4866 957 4926 septem,
982 4855 1255 4928 septiformisptate
1271 4857 1437 4929 precipuus,
1463 4857 1597 4929 rapientia
1625 4858 1767 4927 praalitus,
1790 4858 1818 4912 in
1845 4857 1987 4928 proposito

362 4958 487 5030 Spiritus
502 4952 590 5010 saneti
604 4951 691 5023 gratia
704 4958 881 5020 cooperante,
895 4957 1037 5019 mumque
1050 4961 1148 5004 terram
1200 4951 1307 5018 firmus,
1321 4950 1349 5008 iu
1362 4951 1479 5008 consilio
1491 4950 1635 5022 providus,
1655 4952 1683 5006 in
1698 4950 1803 5021 judicio
1827 4950 1931 5020 justos,
1958 4951 1988 5006 in

361 5044 577 5103 misericorditer
587 5041 749 5113 respiciente
760 5039 865 5112 eligunt
877 5039 968 5096 sirum
980 5039 1151 5106 tidelemma·
1199 5043 1304 5100 militie
1317 5042 1457 5099 exercitiis
1470 5043 1594 5109 sedulus,
1612 5043 1639 5098 in
1659 5044 1718 5098 suis
1743 5043 1852 5098 actibus
1868 5043 1989 5099 circum·
2011 5092 2016 5111 ,

361 5139 510 5203 tholicum,
521 5133 645 5192 moribus
661 5134 818 5200 honestum,
833 5132 919 5188 ermis
932 5141 1087 5199 strenuum,
1106 5133 1151 5189 st·
1199 5135 1331 5207 scriptus,
1343 5133 1370 5190 in
1385 5132 1548 5204 incipiendis
1565 5133 1681 5198 arduus,
1697 5133 1725 5188 in
1739 5132 1914 5203 pertleicndis
1932 5147 1987 5186 non
2061 5149 2065 5156 ·

361 5243 473 5289 monem
484 5225 611 5285 videlicet
621 5225 749 5281 comitem
760 5222 968 5283 flentis-lonis.
991 5222 1088 5282 Statim
1100 5226 1150 5281 ult·
1199 5228 1336 5293 detersus,
1353 5234 1425 5282 totus
1438 5223 1540 5279 dirutis
1556 5223 1677 5280 servitiis
1692 5223 1875 5291 mancipatus.
1889 5219 1987 5290 tlprn·

362 5328 411 5381 lias
424 5320 630 5383 cisterciensis,
647 5316 804 5388 apostolice
831 5316 905 5374 sedis
927 5317 1044 5389 legatus,
1068 5317 1150 5386 huius
1199 5320 1261 5375 vida
1285 5318 1436 5390 principum
1465 5314 1577 5372 electlol
1607 5314 1757 5370 Osensata
1781 5311 1987 5383 peregrinorum

362 5418 435 5474 sacri
452 5415 556 5488 negotii
570 5424 649 5486 pater
663 5419 690 5467 et
704 5411 875 5483 magisteret
892 5411 949 5468 dua
975 5410 1149 5484 Burgundiae,
1199 5411 1374 5477 declamatio,
1389 5424 1451 5481 ane
1466 5410 1556 5464 ιὶιιιιιι
1572 5418 1662 5463 tamen
1681 5406 1788 5461 lidelem
1808 5406 1870 5461 tidei
1891 5404 1988 5459 ortlro-

361 5508 553 5566 comesetiam
567 5504 759 5570 Niternensis,
782 5504 817 5559 ad
834 5505 924 5574 ipsum
948 5503 1071 5571 veniunt,
1092 5521 1151 5559 mo·
1200 5506 1280 5561 dore
1298 5501 1418 5575 providit
1437 5500 1570 5558 electione
1592 5496 1780 5563 detendendae,
1809 5511 1871 5568 qum
1895 5494 1986 5549 virum

362 5614 442 5669 irent,
459 5612 559 5672 rogant
571 5608 599 5657 et
613 5599 761 5657 consulunt
774 5609 804 5653 ut
819 5599 953 5669 suscipiat
966 5613 1038 5653 onus
1049 5598 1151 5667 pariter
1200 5609 1256 5653 tam
1267 5595 1475 5653 accommodum
1490 5593 1624 5649 universe
1636 5588 1792 5660 reipublice
1809 5595 1989 5644 sacrosancto

361 5706 389 5752 et
400 5697 546 5752 honore.
558 5691 636 5760 Quod
649 5705 712 5746 cutm
724 5689 768 5744 vir
780 5688 1150 5745 discretissimusinstantis·
1201 5686 1311 5756 negotio
1332 5683 1399 5742 lesu
1422 5683 1525 5742 Christi
1545 5691 1641 5739 contra
1664 5681 1821 5751 pestilentes
1844 5678 1988 5734 hereticos

363 5787 436 5842 sitne
451 5792 591 5851 renueret,
604 5791 631 5839 et
642 5797 672 5839 se
682 5780 819 5836 fateretur
832 5778 1042 5837 insufficientem
1058 5785 1086 5834 et
1106 5778 1150 5832 in·
1200 5777 1287 5834 voluit
1300 5774 1461 5847 principaril
1485 5773 1577 5830 Talem
1603 5773 1704 5845 qnippe
1716 5771 1830 5826 ‹teceltat
1844 5770 1987 5825 dominnm

363 5879 492 5950 dignum,
504 5891 569 5933 tuos
582 5875 668 5932 abhas
680 5872 872 5931 cisterciensis
882 5881 911 5929 et
932 5871 1000 5939 dua,
1023 5871 1085 5943 ejus
1104 5886 1152 5942 pe·
1200 5869 1369 5926 exercituum
1379 5867 1511 5925 erercitui
1524 5865 1670 5930 dominari,
1682 5878 1775 5930 ouem,
1785 5872 1815 5918 ut
1827 5861 1987 5931 praedictum

365 5971 449 6026 dibus
469 5984 500 6025 se
516 5968 681 6039 provolvunt
700 5982 797 6038 preces
818 5967 947 6038 precibus
970 5965 1151 6022 inculcantes.
1201 5969 1254 6025 est,
1270 5961 1378 6032 generis
1393 5960 1531 6023 nobilitas,
1548 5972 1655 6012 morum
1671 5955 1827 6016 sinceritas,
1859 5953 1987 6008 militaris

364 6059 474 6118 Gemite
488 6070 579 6116 autem
594 6059 687 6118 adhuc
699 6069 843 6123 renuente,
869 6060 966 6125 albas,
989 6058 1151 6114 anctoritate
1201 6054 1324 6125 probitas
1343 6053 1506 6115 adornaret;
1538 6052 1630 6113 tutent,
1651 6049 1775 6119 inquom,
1796 6047 1878 6101 tnlern
1898 6060 1987 6116 operae

367 6168 424 6211 tua
436 6152 581 6221 legationis
594 6164 683 6222 utens,
698 6155 861 6226 praecepitei
875 6152 1075 6212 districtissime
1095 6152 1150 6210 tir·
1201 6147 1321 6221 pretium
1342 6146 1404 6214 luit,
1421 6146 1448 6202 in
1465 6142 1642 6217 periclitantis
1657 6139 1784 6200 Ecclcslae
1796 6138 1983 6197 delensiunctn
