5125 7059
364 677 415 732 sn
954 678 1117 739 utsroma
1138 643 1384 745 stenensium

1938 704 1992 763 ³82

365 789 436 852 Tim.
450 793 490 862 ι),
513 808 568 849 non
582 795 668 851 multo
678 805 739 868 post
758 796 830 852 lacta
851 795 1042 855 crudelissima
1057 799 1152 870 prodi·
1169 803 1290 873 dgistro
1314 805 1473 876 Tbeodisio,
1502 813 1636 870 mandans
1657 819 1731 885 quod
1753 818 1776 873 si
1793 833 1886 877 comas
1906 819 1990 879 Tolo-

363 885 453 952 tione,
463 884 538 942 dicto
551 883 695 959 dymcrieo
717 897 899 944 memoratum
922 899 1044 945 castrum
1068 892 1155 947 tradi·
1205 908 1290 951 samts
1305 908 1397 966 posset
1411 914 1440 955 se
1453 898 1619 960 sullicienter
1640 921 1757 978 purgare
1776 925 1860 981 super
1884 911 1991 972 duobus

363 976 417 1045 dit,
429 987 531 1034 etcum
544 979 671 1036 hostibus
685 980 788 1037 nostris
800 981 960 1053 aliquandiu
974 982 1090 1044 mansit:
1105 981 1154 1039 sed
1205 989 1368 1045 criminibus
1378 995 1554 1062 supradietis,
1571 999 1702 1068 reciperet
1715 1001 1776 1071 ejus
1790 1005 1991 1074 purgationem,

363 1067 458 1125 di'iffl
470 1070 628 1142 ³³¹1*limma
640 1071 743 1141 indlels
757 1072 902 1128 ⁰ld5¹¹³¹¹le
923 1085 1052 1137 censura,
1067 1072 1154 1128 ιιθὺῑ·
1204 1079 1309 1137 lnrerea
1322 1084 1452 1154 magister
1463 1087 1538 1154 lliln,
1554 1089 1612 1160 qui,
1633 1092 1705 1147 sicut
1717 1109 1800 1164 supra
1817 1096 1921 1153 dictum
1937 1107 1990 1166 cst,

363 1158 400 1216 lis
410 1176 504 1218 comes
520 1177 574 1218 uon
594 1172 657 1235 post
679 1164 778 1230 multo,
796 1164 824 1218 in
836 1164 956 1235 quodam
976 1171 1068 1219 castro
1080 1164 1153 1235 quod
1204 1174 1322 1231 interra
1344 1179 1502 1245 provinciae,
1519 1181 1653 1252 legatione
1673 1200 1722 1255 pro
1737 1187 1813 1257 pacis
1827 1196 1854 1244 et
1869 1189 1931 1245 lldei
1945 1206 1993 1246 ne-

362 1254 540 1326 ⁰¹l³¹¹b¹¹²¹l²¹
564 1269 649 1327 llf⁰l¹0
673 1254 950 1326 M⁰¹¹²‘³¹¹¹·flll²¹0¹¹¹i
974 1254 1048 1326 (1⁰⁰⁶
1072 1256 1153 1311 Bt⁰¹¹¹
1203 1265 1278 1335 gotio
1301 1265 1481 1339 tangebatur,
1500 1274 1661 1328 convocavit
1682 1275 1754 1345 apud
1774 1275 1992 1335 Arerrionensem

362 1347 476 1414 dicitur,
489 1363 553 1404 cum
570 1347 737 1405 adversariis
751 1347 812 1404 lidei
831 1348 904 1419 cepit
917 1348 1048 1405 clericum
1066 1364 1153 1420 stepe-
1203 1358 1372 1428 prorinciam
1384 1362 1532 1417 concilium
1548 1366 1734 1434 praelatorum,
1757 1366 1785 1422 in
1799 1384 1855 1439 quo
1874 1371 1993 1427 concilio

362 1441 489 1507 dictum,
517 1456 600 1512 quem
626 1442 705 1513 prius
730 1444 765 1497 ιιι
787 1443 916 1513 ‘limbi
937 1442 1153 1500 Cllfflswnensi
1202 1452 1432 1510 excommunicati
1447 1453 1560 1512 luerunt
1578 1465 1606 1513 et
1619 1460 1737 1529 expositi
1758 1458 1834 1516 eires
1849 1459 1990 1530 dolosani,

361 1534 553 1605 degradatum,
568 1545 596 1590 et
609 1551 659 1606 per
682 1543 766 1591 totam
784 1536 1032 1594 Carcassonensem
1054 1537 1152 1594 cirita·
1202 1557 1253 1613 pro
1264 1545 1382 1614 eoquod
1400 1561 1432 1602 ea
1455 1562 1517 1617 qnae
1530 1549 1619 1618 legato
1630 1560 1658 1606 et
1676 1553 1875 1626 crucesignatis
1890 1554 1993 1625 promi·

362 1636 418 1681 tem
443 1627 478 1681 ad
508 1628 624 1683 enudant
650 1628 714 1699 equi
739 1628 902 1685 distractum
927 1630 1057 1701 suspendi
1077 1628 1151 1698 lecit,
1202 1644 1295 1691 serant
1316 1635 1350 1690 de
1371 1639 1530 1708 expulsione
1546 1641 1749 1712 baereticorum,
1768 1655 1993 1716 contempserant

360 1719 473 1790 dignam
495 1735 546 1792 pro
566 1720 672 1776 meritis
692 1736 905 1792 recompensans
923 1724 1062 1780 talionem.
1081 1724 1152 1791 Quid
1201 1726 1362 1797 adimplere.
1383 1729 1483 1787 Comes
1512 1733 1596 1789 etiam
1620 1734 1774 1794 Tolosanus
1798 1738 1826 1793 in
1861 1739 1993 1808 predicto

361 1810 482 1880 amplius
500 1813 664 1867 moramurl
678 1811 716 1867 lta
733 1814 792 1884 pari
808 1814 990 1886 malignitatis
1001 1815 1100 1870 allecto
1113 1815 1152 1870 si·
1201 1818 1318 1873 concilio
1329 1824 1589 1880 excommunicatus
1611 1825 1676 1894 luit,
1704 1828 1756 1885 sub
1773 1830 1930 1886 conditione
1948 1840 1991 1886 ta·

361 1903 464 1958 militer
484 1920 581 1960 omnes
602 1903 661 1960 lere
681 1904 816 1976 indigenas
834 1907 1151 1964 recesseruntacomite
1200 1925 1264 1965 men
1290 1911 1325 1978 sl,
1349 1913 1474 1984 abiurata
1504 1916 1637 1989 paedagia,
1666 1920 1756 1977 denuo
1770 1923 1893 1993 accipere
1904 1932 1991 1979 atten-

360 2004 468 2059 nostro,
484 1996 557 2066 quod
569 1994 682 2052 amissis
697 1996 724 2050 in
741 1996 905 2054 brevissimo
916 1998 1048 2069 temporis
1062 1999 1151 2069 spatio
1200 2010 1281 2060 taret.

358 2087 482 2144 castellis
506 2089 625 2158 amplius
648 2104 731 2160 qnam
753 2090 947 2160 quadraginta,
974 2089 1043 2145 nibil
1062 2093 1086 2145 ei
1103 2105 1149 2146 re·
1462 2115 1577 2173 cqupf
1596 2117 1716 2177 mlv·

358 2181 463 2285 &²⁰⁸³
478 2190 577 2250 P‘W
595 2180 794 2237 C²f⁰³⁵⁸⁰¹¹²¹¹¹
811 2193 837 2238 ²²
849 2181 1044 2238 F³¹'⁰¹¹¹'³⁰l'5⁸
1057 2194 1084 2239 ⁰¹
1098 2181 1151 2238 3²·
1201 2204 1293 2260 Comes
1305 2205 1522 2275 doiorundurape
1532 2225 1612 2278 quum
1624 2211 1650 2262 in
1665 2209 1761 2265 Gallice
1777 2227 1835 2283 rege
1849 2213 1991 2283 repositam

358 2288 470 2328 xracnm
486 2281 515 2329 et
533 2284 656 2329 castrum
681 2274 715 2330 de
732 2273 854 2342 limoso,
869 2276 903 2331 dc
919 2291 975 2347 qno
998 2278 1080 2333 etiam
1102 2278 1151 2332 de·
1478 2278 1589 2331 liniebat
1604 2282 1713 2336 excidit.

357 2367 531 2436 sperabatur,
547 2377 575 2423 et
585 2378 707 2423 castrum
722 2368 901 2438 Aparniarum
922 2378 950 2424 ct
964 2369 1149 2435 Sararduum,
1236 2367 1356 2424 llcdiens
1372 2384 1465 2424 comes
1476 2367 1583 2426 Tolosae
1596 2387 1612 2426 a
1628 2370 1752 2428 llomana
1766 2390 1854 2443 curra,
1871 2378 1945 2434 venit
1955 2381 1991 2434 ad

357 2458 457 2515 ciritas
468 2461 551 2515 etiam
564 2460 654 2529 Albia,
669 2476 732 2517 cum
747 2461 837 2517 ricino
852 2470 945 2518 castro
958 2463 1032 2534 quod
1048 2463 1150 2517 dicitnr
1200 2461 1337 2517 lltbonem
1358 2462 1406 2533 qui
1422 2461 1567 2518 dicebatur
1579 2464 1739 2535 imperator,
1756 2475 1786 2521 ut
1800 2467 1860 2537 ejus
1874 2471 1990 2540 gratiam

356 2553 538 2610 Ambiletum.
560 2551 615 2610 Nec
640 2554 808 2610 reticendum
828 2556 902 2627 quod
926 2555 1019 2627 plures
1041 2555 1075 2611 de
1095 2556 1149 2612 ’rllis
1198 2551 1365 2622 acquireret,
1381 2561 1409 2607 et
1433 2552 1495 2623 ejus
1517 2563 1612 2610 contra
1638 2556 1765 2611 comitem
1791 2556 1991 2616 Montis-tortis

357 2663 429 2718 qnos
447 2646 549 2704 nubilis
564 2662 656 2704 comes
675 2648 703 2702 in
721 2648 821 2704 castris
839 2648 1030 2704 custodiendis
1050 2665 1149 2720 posue-
1197 2640 1331 2696 ”nillum
1347 2643 1516 2712 imploraret.
1534 2641 1598 2698 '¹¹⁶⁰
1611 2646 1686 2701 “¹¹5²
1699 2647 1732 2702 ιιι
1747 2663 1837 2719 Νιθιῐῑ
1854 2649 1988 2716 flulti&

355 2746 409 2803 rat,
434 2738 478 2795 rel
492 2738 653 2794 oeciderunt
666 2737 820 2808 proditores
840 2745 928 2803 terre,
953 2738 996 2793 ret
1015 2739 1146 2796 membris
1198 2733 1406 2791 uleumterltlt
1422 2734 1494 2791 dctis
1514 2751 1696 2808 corrumpens
1719 2749 1812 2809 posset
1828 2740 1888 2812 ejus
1909 2743 1943 2798 ad
1958 2760 1989 2799 se

354 2832 600 2888 detruncaverunt.
617 2828 689 2897 Quid
708 2827 812 2885 laceret
835 2844 928 2886 comes
944 2829 1066 2886 Christi?
1079 2829 1148 2898 Quis
1197 2827 1320 2881 animum
1338 2826 1482 2883 inclinare.
1501 2826 1558 2883 llex
1570 2838 1674 2898 annm,
1686 2839 1780 2902 utpote
1793 2833 1835 2888 vir
1852 2834 1989 2893 discretos

356 2927 475 2982 intanta
497 2925 664 2981 adversitate
679 2938 733 2979 non
749 2924 887 2992 deliceret,
907 2924 935 2980 ln
952 2932 1029 2981 tanto
1050 2924 1148 2981 discri·
1196 2929 1224 2975 et
1238 2919 1383 2991 prouidus,
1405 2921 1530 2992 despexit
1542 2935 1604 2976 enm
1622 2923 1686 2992 quia
1701 2927 1914 2997 contemptibilis
1930 2937 1990 2984 erat

354 3017 429 3073 mine
448 3032 504 3072 non
519 3015 696 3088 desperaret?
718 3014 771 3071 Sed
790 3016 832 3072 nir
849 3016 949 3072 nobilis
963 3025 1051 3072 totum
1073 3032 1103 3072 se
1119 3016 1146 3071 in
1196 3011 1285 3068 ralde.
1313 3011 1436 3068 Audiens
1459 3021 1551 3069 autem
1567 3029 1660 3070 comes
1683 3013 1889 3084 Montis-fortis,
1913 3021 1988 3092 quod

354 3111 442 3166 Ιιιιιιιι
457 3110 606 3182 projiciens
625 3108 714 3180 quiin
734 3109 874 3180 prosperis
892 3107 960 3179 erigi
980 3123 1036 3164 non
1056 3108 1145 3175 novit,
1195 3116 1290 3158 eomes
1307 3101 1414 3159 l'olosae
1427 3115 1554 3176 pergeret
1570 3105 1596 3159 in
1607 3104 1990 3181 Franciammandaxitprae-

353 3203 472 3274 deprimi
485 3217 540 3257 non
560 3202 649 3274 potuit
672 3201 699 3254 in
725 3200 857 3256 adversis.
873 3198 956 3256 Facta
972 3209 1144 3258 cantantem
1195 3194 1285 3266 cipuis
1302 3195 1463 3253 bominibus
1477 3197 1537 3253 stris
1551 3199 1586 3254 dc
1599 3198 1727 3265 Francia,
1744 3211 1774 3257 ut
1789 3212 1890 3258 terram
1905 3219 1986 3260 suam

353 3295 450 3351 omnia
463 3293 538 3351 circa
552 3293 651 3350 testum
668 3293 818 3349 dominicae
831 3291 999 3349 Natiuitatis.
1194 3297 1222 3344 et
1235 3289 1328 3344 omnia
1343 3302 1405 3359 quae
1431 3288 1549 3345 habebat
1572 3290 1634 3361 ejus
1648 3303 1817 3363 exponerent
1829 3295 1986 3366 volontati;

620 3383 737 3440 CAPUT
757 3382 877 3440 xxlllll.
1194 3381 1287 3439 adhuc
1298 3381 1375 3438 enim
1392 3398 1447 3438 non
1459 3393 1539 3440 erant
1550 3384 1644 3441 lrostes
1657 3386 1796 3443 manifesti
1811 3389 1846 3444 ad
1859 3389 1987 3448 invicem.

443 3477 536 3535 Comes
557 3477 723 3532 dirimendas
739 3476 849 3531 llomum
865 3478 1054 3548 proficiscitur.
1158 3498 1179 3556 c
1195 3469 1296 3528 Comes
1311 3474 1393 3528 etiam
1406 3471 1559 3531 Tolosanus
1572 3476 1694 3546 praestito
1712 3477 1869 3547 juramento
1884 3482 1988 3551 promi-

387 3570 459 3627 Cum
473 3570 532 3625 baec
546 3577 708 3640 agerentur,
723 3583 817 3625 comes
832 3567 987 3626 Tolosanos
1002 3570 1036 3626 ad
1052 3585 1143 3642 regern
1197 3575 1271 3622 serat
1281 3564 1355 3636 quod
1367 3566 1450 3622 tiliam
1464 3568 1574 3623 comitis
1584 3565 1778 3628 Montis-sortis
1789 3572 1901 3629 baberet
1913 3573 1987 3630 tilius

351 3662 479 3719 I'ranciae
492 3662 621 3725 accessit,
645 3660 667 3717 si
690 3676 746 3732 quo
769 3661 851 3718 modo
873 3669 966 3731 posset
985 3661 1109 3717 obtinere
1129 3678 1144 3717 a
1164 3719 1169 3739 .
1196 3675 1265 3716 suus
1286 3659 1314 3714 in
1339 3675 1476 3716 uxorem:
1502 3661 1576 3731 quod
1592 3669 1698 3732 postea.
1715 3672 1806 3732 spreto
1817 3664 1984 3734 juramento,

352 3773 428 3829 rege,
445 3765 475 3811 ut
495 3770 565 3811 noxa
580 3754 700 3826 pedagia
718 3770 779 3826 quae
798 3755 976 3811 demandato
993 3756 1144 3827 legatorum
1195 3752 1276 3807 lallax
1290 3761 1317 3807 ct
1331 3753 1491 3808 inconstans
1503 3753 1594 3809 lacere
1609 3755 1758 3811 recusavit.
1774 3754 1877 3814 Videras
1890 3773 1985 3815 comes

353 3851 546 3921 abiurarerat,
564 3864 613 3919 per
632 3847 765 3902 auxilium
779 3857 807 3903 ct
820 3846 1057 3902 confirmationem
1073 3847 1145 3919 regis
1195 3843 1303 3901 'lolosae
1314 3845 1387 3915 quod
1402 3844 1471 3899 nilril
1486 3845 1558 3915 apud
1571 3860 1662 3916 regern
1676 3846 1832 3918 proliceret,
1843 3861 1906 3904 cum
1918 3863 1985 3905 cori-

353 3950 448 4014 posset
463 3949 556 3997 tenere
570 3959 577 3995 :
593 3940 652 4010 ipse
667 3939 740 3995 enim
761 3954 854 3997 comes
869 3955 953 4010 supra
969 3941 1084 3996 modum
1096 3940 1145 3995 ad·
1195 3936 1304 3992 lusione
1318 3936 1352 3991 ad
1372 3937 1481 4007 propria
1500 3938 1650 3993 remearit:
1667 3943 1724 4009 jam
1743 3938 1777 3994 ad
1800 3940 1826 3994 id
1845 3940 1919 4012 qnod
1942 3942 1986 3997 di·

353 4043 470 4090 auxerat
492 4031 614 4105 paedagia
636 4032 664 4088 in
690 4041 762 4087 terra
778 4047 839 4099 sua,
866 4032 901 4088 ob
923 4048 1006 4104 quam
1032 4048 1144 4089 cansam
1195 4027 1322 4083 misimus
1341 4025 1497 4084 redeamus.
1522 4026 1607 4099 lgitur
1632 4029 1733 4086 nobilis
1755 4044 1849 4086 comes
1870 4029 1986 4089 bluntis·

353 4126 496 4185 multoties
511 4125 601 4182 luerat
621 4123 902 4180 excommunicatus:
926 4124 974 4180 sed
995 4140 1058 4180 com
1075 4125 1144 4180 nibil
1195 4120 1274 4176 tortis
1289 4119 1417 4176 hostibus
1439 4121 1498 4177 suis
1523 4121 1645 4193 undiquc
1668 4124 1880 4193 circumseptus,
1896 4124 1986 4180 bienno

353 4221 426 4293 apud
448 4233 543 4291 regem
563 4216 698 4289 prodcere
723 4223 816 4286 posset
847 4229 930 4285 snper
959 4214 1144 4271 detentionem
1195 4212 1241 4268 illa
1253 4212 1281 4267 in
1298 4213 1448 4283 semetipso
1462 4228 1523 4269 sese
1535 4213 1681 4281 continuit,
1695 4214 1762 4270 illud
1777 4215 1919 4271 modicum
1930 4224 1986 4270 ter-

353 4314 492 4370 dictornm
516 4307 711 4381 pedagiorum,
727 4306 842 4362 recessit
862 4321 878 4360 a
896 4321 959 4378 rege
976 4304 1099 4361 Francia
1118 4315 1145 4361 et
1195 4319 1233 4358 xre
1247 4304 1321 4376 qnod
1343 4303 1369 4359 ci
1386 4314 1557 4360 remanserat
1573 4306 1742 4374 custodiens,
1759 4321 1825 4363 suos
1840 4307 1922 4363 etiam
1942 4308 1986 4362 in·

354 4403 474 4461 accessit
486 4400 520 4458 ad
542 4399 683 4455 dominum
702 4412 813 4469 papam,
837 4403 947 4452 tentans
958 4396 981 4452 si
1004 4396 1144 4468 quomodo
1195 4395 1299 4455 lestans
1314 4399 1413 4470 saepins
1427 4399 1575 4455 inimicos:
1598 4415 1649 4455 occ
1672 4400 1809 4457 silendum
1824 4401 1898 4472 qnod
1920 4401 1986 4457 lit-ct

353 4505 449 4572 posset
460 4494 568 4551 restitui
580 4504 660 4548 terrae
671 4505 739 4556 snae,
754 4503 838 4560 quam
852 4488 933 4560 legati
949 4487 1054 4544 domini
1068 4504 1145 4559 papae
1196 4491 1311 4547 liaberet
1330 4491 1453 4546 iudnitos
1471 4491 1565 4548 hostes
1588 4501 1615 4548 et
1627 4492 1812 4563 paucissimos
1833 4493 1984 4563 atljutures,

352 4607 402 4664 pro
415 4587 564 4648 securitate
574 4591 784 4654 occupaverant,
798 4583 871 4640 sicut
885 4597 968 4653 supra
983 4596 1143 4652 expressum
1196 4598 1337 4655 nunquam
1363 4593 1455 4640 tamen
1482 4585 1573 4655 ipsnm
1602 4585 1663 4640 ausi
1692 4594 1757 4640 sunt
1777 4585 1887 4654 aggredi
1913 4585 1984 4640 bello

352 4694 405 4750 cst,
420 4692 450 4738 et
472 4679 574 4736 summi
593 4676 731 4748 pontidcis
749 4676 866 4748 gratiam
882 4675 1018 4747 adipisci:
1034 4689 1144 4729 omnem
1195 4677 1324 4747 campali.
1350 4675 1429 4731 Circa
1455 4676 1563 4731 initium
1583 4691 1650 4731 vero
1673 4675 1899 4746 Quadragesirnae
1913 4691 1985 4730 nun·

351 4779 457 4848 quippe
478 4770 660 4827 bumilitatem
683 4778 710 4825 et
736 4768 937 4838 subjectionem
960 4766 1145 4838 praetendebat
1196 4772 1280 4826 riatur
1292 4768 1387 4825 comiti
1402 4783 1515 4824 uxorem
1531 4784 1610 4824 suam
1625 4769 1794 4824 comitissam
1820 4769 1918 4839 (ipsam
1943 4767 1984 4823 si·

352 4872 395 4926 sir
417 4865 629 4930 dolosissimus,
652 4871 680 4919 et
703 4861 797 4917 omnia
820 4875 992 4932 quecunque
1014 4859 1143 4916 dominus
1159 4849 1181 4905 ὓ
1195 4863 1305 4935 quidem
1319 4869 1463 4916 vocaverat
1479 4876 1494 4915 a
1509 4859 1636 4932 Francia)
1654 4876 1716 4916 cnm
1744 4860 1868 4930 pluribus
1886 4858 1985 4914 militi·

351 4976 422 5033 papa
438 4959 610 5031 praeciperet,
624 4953 798 5026 promittebat
811 4968 841 5009 sc
852 4952 969 5009 sollicite
981 4951 1140 5022 adimplere.
1195 4953 1248 5008 bus
1273 4951 1404 5007 advenire
1417 4969 1424 5006 ι
1438 4966 1495 5021 quo
1516 4951 1621 5017 audito,
1638 4965 1732 5005 comes
1749 4951 1797 5005 ivit
1820 4950 1845 5005 ei
1862 4950 1983 5016 ebriam,

350 5054 441 5123 Quem
457 5048 587 5108 dominus
606 5061 676 5118 papa
697 5053 738 5101 tot
750 5044 824 5100 ritiis
836 5042 984 5108 lacessivit,
998 5049 1142 5097 contume·
1196 5060 1284 5116 nsque
1299 5045 1332 5100 ad
1344 5042 1482 5114 quoddam
1497 5053 1616 5098 castrum
1630 5042 1657 5096 in
1670 5042 1810 5097 territorio
1822 5041 1983 5112 Agathcnsl.

350 5149 397 5205 liis
410 5153 456 5202 tot
469 5140 606 5205 confudit,
617 5137 693 5210 quod
708 5138 788 5210 quasi
812 5139 839 5192 in
863 5135 1054 5207 desperatione
1067 5135 1143 5206 posi·
1194 5137 1267 5207 qnod
1293 5135 1396 5192 dicitnr
1424 5133 1606 5203 Pesenacum,
1637 5136 1684 5190 nbi
1709 5134 1796 5206 ipsam
1829 5133 1983 5200 inveniens,

348 5253 408 5308 tus,
418 5236 486 5311 quid
499 5243 590 5308 ageret
604 5230 758 5304 ignorabat.
773 5229 865 5301 lpsum
877 5229 1015 5300 siquidem
1034 5228 1143 5284 dicebat

347 5329 540 5398 incredulum,
553 5327 646 5384 crucis
665 5334 879 5397 persecutorem,
903 5321 966 5378 fidei
988 5321 1141 5387 inimicum,

347 5437 376 5484 et
399 5438 466 5481 xero
490 5421 531 5478 sic
549 5429 617 5476 erat.
644 5417 839 5474 Verumtamen
864 5415 990 5487 cogitans
1012 5414 1142 5469 dominus

346 5534 422 5592 papa
441 5531 477 5573 ne
491 5516 519 5571 in
534 5511 754 5583 desperationem
777 5524 886 5576 sersus,
908 5506 1061 5563 Ecclesiam
1081 5521 1143 5577 quac

346 5614 377 5668 in
393 5606 569 5665 Narbonensi
584 5603 724 5676 prouincia
749 5602 851 5673 pupilla
872 5611 946 5666 crat,
970 5601 1144 5670 impugnaret

343 5707 446 5765 acrius
464 5711 492 5758 et
506 5698 678 5756 oranilestios
693 5698 783 5753 dictus
805 5711 899 5752 comcs
913 5695 1012 5749 indixit
1027 5694 1051 5748 ei
1074 5707 1141 5762 pur·

345 5799 492 5874 gallonem
508 5790 709 5864 superductus
722 5789 824 5861 quibus
846 5788 964 5844 maximo
990 5785 1141 5856 impeteba-

345 5904 396 5949 tor
411 5886 586 5948 criminibus,
602 5899 685 5954 super
699 5891 788 5937 morte
807 5880 935 5936 videlicet
950 5879 1029 5950 legati
1047 5877 1141 5932 fratris

345 5980 425 6038 Petri
451 5977 486 6032 de
511 5974 683 6030 Caetronoxo
707 5983 734 6028 et
759 5971 972 6042 supercrimine
994 5971 1141 6035 lncrcseos,

347 6084 436 6140 super
456 6081 526 6137 quas
544 6062 732 6137 purgationes,
759 6063 834 6118 misit
855 6060 985 6117 dominns
1003 6075 1071 6131 papa
1095 6059 1140 6113 lit·

347 6174 426 6221 teras
442 6158 648 6229 soasepisropn
671 6155 795 6227 liegicnsi
816 6155 843 6210 in
867 6153 1006 6226 proxinria
1028 6165 1053 6208 et
1080 6167 1139 6206 mn·

1193 5230 1394 5286 Carcassonam
1410 5242 1472 5283 cum
1491 5227 1632 5299 diligentia
1647 5228 1788 5284 remearit.
1806 5225 1875 5282 Cum
1891 5234 1982 5280 autem

1193 5327 1300 5382 reniret
1311 5322 1344 5377 ad
1361 5320 1498 5392 quoddam
1518 5328 1641 5376 castrum
1666 5319 1738 5390 quod
1755 5319 1858 5375 dicitnr
1881 5317 1983 5374 Canis·

1194 5423 1357 5482 suspensos,
1372 5407 1475 5463 dietum
1491 5416 1534 5464 est
1547 5407 1572 5463 el
1588 5407 1662 5478 quod
1685 5409 1811 5464 immines
1835 5407 1981 5480 cujusdam

1193 5502 1289 5568 castri,
1301 5502 1374 5572 qnod
1388 5500 1490 5556 dicitur
1512 5499 1664 5555 llonslauri
1676 5516 1760 5571 prope
1781 5501 1981 5558 monasterium

1193 5594 1349 5658 delirassa,
1366 5592 1438 5650 lacta
1460 5591 1625 5664 proditione,
1650 5595 1800 5650 servientes
1820 5593 1907 5664 ipsius
1933 5594 1979 5665 qui

1193 5695 1272 5743 crant
1283 5687 1310 5742 ιιι
1327 5695 1402 5742 turre
1415 5686 1498 5743 castri
1514 5686 1678 5758 impugnare
1697 5687 1856 5757 cepissent.
1883 5684 1980 5741 Statim

1192 5795 1286 5837 conres
1301 5794 1328 5834 ct
1340 5778 1451 5847 milites,
1465 5779 1610 5834 dimittens
1629 5778 1800 5834 comitissam
1818 5777 1846 5831 in
1861 5776 1979 5846 quodam

1193 5883 1296 5939 castro,
1309 5870 1375 5925 illue
1396 5879 1524 5942 pergunt,
1535 5878 1562 5925 et
1577 5869 1626 5934 ita,
1641 5871 1713 5924 sicut
1726 5870 1880 5931 audierant,
1906 5867 1980 5922 ime·

1193 5966 1310 6030 nientes,
1327 5961 1428 6016 multos
1449 5961 1482 6016 de
1495 5960 1682 6031 proditoribus
1706 5961 1761 6016 illis
1779 5966 1929 6028 ceperunt,
1953 5965 1981 6011 et

1192 6059 1322 6130 patibulis
1344 6057 1562 6128 sttspendcrnnt;
1586 6057 1678 6127 plures
1701 6057 1774 6112 enim
1789 6055 1857 6109 risis
1878 6067 1912 6108 ex
1927 6066 1979 6105 nm

1195 6155 1259 6210 stris
1276 6153 1412 6223 ingerent.
1426 6149 1489 6204 l‘ost
1502 6149 1560 6206 linc
1572 6150 1644 6206 tenit
1657 6165 1747 6205 comes
1769 6156 1796 6202 et
1810 6146 1857 6218 qni
1870 6160 1932 6201 cnm
1947 6158 1978 6196 ee
