5125 7059
339 695 377 755 mi
863 685 1036 743 otttoctts
1053 684 1098 742 DE
1114 685 1180 742 listi
1200 685 1423 743 t'ottrttttttt.
1899 685 1952 743 ¹³58

341 814 420 885 [loen.
445 809 509 883 τὴς
533 811 678 884 peregrina
698 816 740 865 est
764 806 816 862 ista
841 806 996 873 sementim
1014 815 1043 862 ct
1059 806 1121 863 ideo
1134 807 1157 864 Α
1171 784 1281 858 Petrum
1303 803 1509 867 modernorum,
1523 817 1586 872 quac
1599 815 1654 856 uon
1668 809 1763 856 essent
1778 801 1883 859 inGetb
1901 818 1953 873 pu·

340 921 388 961 ram
412 918 472 959 non
501 918 649 974 possumus
667 901 708 957 rel
732 897 921 969 acquammiter
942 897 1048 965 audire,
1071 911 1122 952 nec
1171 893 1309 957 blicanda,
1333 909 1407 948 nunc
1428 895 1455 948 in
1472 893 1599 964 compitis
1613 891 1760 948 Ascalonis
1773 893 1949 963 exponendo:

338 998 392 1051 lunt
409 1011 497 1067 opere
513 996 636 1064 implere..
1035 999 1041 1008 ·
1171 988 1262 1057 potius
1290 987 1439 1043 nudaberis
1464 985 1499 1040 ud
1528 984 1703 1045 derisionem,
1723 1001 1805 1054 quum
1832 1001 1865 1040 ea
1890 997 1952 1056 post

366 1085 440 1157 llere.
458 1084 606 1140 Veritatem
640 1083 751 1147 erudisti,
777 1097 859 1154 quam
881 1080 1002 1153 quaesisti
1027 1078 1121 1151 :quid
1169 1078 1282 1133 dorsum
1304 1077 1438 1142 relando,
1461 1084 1602 1149 paternam
1627 1076 1754 1147 acquiras
1780 1076 1951 1133 bencdictio-

338 1181 413 1251 igitur
428 1178 498 1234 milii
512 1177 679 1235 srrrccnscs?
1170 1184 1245 1223 nerii.

365 1269 442 1325 bisc,
457 1267 586 1341 Numquid
606 1269 701 1341 sagina
714 1276 757 1325 est
773 1269 860 1325 curo?
1204 1258 1277 1331 Mag.
1298 1258 1465 1317 Erttbcsoel'tt
1483 1260 1518 1316 de
1537 1260 1608 1316 mulo
1629 1266 1673 1317 etl
1686 1259 1838 1330 sapientie,
1853 1257 1952 1316 eritbe-

365 1358 442 1431 llup.
457 1359 507 1416 Est
526 1359 658 1431 prolecto.
1169 1369 1246 1410 scere
1260 1369 1325 1410 sero
1338 1356 1372 1410 de
1382 1355 1454 1410 bono
1463 1362 1507 1410 est
1520 1353 1664 1410 fatuitatis.
1673 1351 1707 1407 Et
1720 1352 1786 1424 qnia
1800 1353 1951 1409 humanum

365 1453 444 1511 bisc.
466 1451 539 1520 Quid
556 1454 637 1525 ergo?
652 1454 776 1524 nunquid
801 1452 914 1508 illicitus
941 1460 984 1510 est
1009 1468 1119 1526 quoque
1168 1454 1211 1503 cst
1224 1446 1393 1517 delinquere,
1408 1447 1511 1517 qnippe
1525 1461 1580 1500 nou
1598 1454 1642 1501 est
1656 1445 1748 1509 bomo,
1761 1444 1810 1515 qui
1821 1458 1876 1500 non
1887 1458 1951 1515 pos·

335 1562 397 1602 usus
410 1546 525 1617 sagium,
542 1544 771 1617 quemadmodum
791 1554 818 1600 et
831 1544 934 1609 cultris,
950 1551 981 1599 ut
1000 1546 1036 1600 ob
1058 1545 1119 1615 eJ'us
1168 1539 1205 1595 sit
1223 1539 1298 1592 uelut
1322 1538 1403 1592 bomo
1418 1538 1494 1604 lalli;
1516 1537 1680 1592 diabolicum
1694 1552 1760 1593 vcro
1775 1536 1951 1607 pertinaciter

334 1654 406 1694 esum
427 1653 482 1695 nos
494 1652 603 1709 quoque
619 1636 844 1709 prevaricatores
862 1651 924 1692 esse
945 1634 1054 1710 lieguiae
1073 1636 1119 1706 ju·
1167 1636 1257 1687 errata
1271 1629 1434 1685 defendere:
1454 1644 1598 1686 excessum
1619 1629 1707 1694 illum,
1724 1645 1806 1701 quern
1819 1628 1949 1698 diximus,

334 1731 424 1788 dices?
1167 1722 1319 1791 rrrajoribus
1332 1723 1550 1792 compassibiles,
1572 1738 1628 1778 non
1655 1722 1819 1778 insultanter
1835 1736 1953 1779 accusa·

359 1820 437 1895 Nep.
459 1821 521 1881 Non
534 1831 613 1895 poles
627 1824 679 1880 boc
700 1824 838 1895 ignorare,
858 1825 883 1879 si
895 1839 950 1879 non
967 1822 1011 1879 ris
1024 1836 1117 1878 errare
1168 1829 1246 1878 mus;
1261 1810 1310 1868 sed
1326 1812 1401 1866 llliali
1415 1811 1560 1875 charitate,
1576 1824 1713 1866 memores
1732 1809 1850 1879 propriae
1861 1807 1949 1880 lragl·

335 1915 369 1970 rcl
382 1915 573 1973 dissimulare.
1167 1905 1264 1971 litatis,
1279 1920 1445 1961 excusamus
1457 1920 1465 1970 ;
1480 1904 1504 1959 si
1521 1911 1611 1958 tameo
1625 1903 1711 1973 legem
1720 1900 1832 1955 Patrmn
1842 1908 1952 1957 uestro-

362 2005 441 2063 Disc.
457 2005 517 2062 Non
531 2006 657 2065 liorem?
1167 2014 1228 2054 rum
1251 1998 1508 2068 aritiquissimorum
1532 1996 1567 2051 de
1589 1995 1723 2051 industria
1746 2002 1844 2049 carent
1859 1992 1951 2062 impu·

362 2098 439 2172 idrag.
454 2098 531 2157 Unde
542 2108 586 2157 cst
601 2101 646 2157 ille
661 2100 727 2157 lios?
1166 2108 1261 2164 gnare,
1286 2093 1309 2147 si
1329 2106 1389 2147 earu
1400 2091 1448 2146 diu
1461 2090 1612 2161 neglectam
1627 2087 1796 2144 contendunt
1806 2101 1948 2150 renovare,

362 2191 439 2247 bisc.
455 2190 493 2248 ue
510 2191 746 2264 quadrupedibus.
1130 2166 1190 2242 15si
1215 2194 1337 2256 teporem
1360 2199 1440 2240 suurn
1468 2183 1565 2239 nolunt
1592 2180 1755 2248 delensare;
1782 2185 1806 2237 sl
1825 2180 1952 2237 veritatis

361 2284 439 2356 itaq.
451 2283 513 2342 Non
525 2286 607 2357 igitur
623 2302 685 2342 enm
700 2286 867 2343 inanducare
880 2286 980 2343 debent
990 2287 1048 2353 alii,
1059 2286 1114 2342 uisi
1167 2280 1237 2333 lacta
1253 2278 1427 2340 revelatione,
1451 2284 1479 2332 et
1498 2276 1589 2330 oblata
1611 2274 1664 2330 sibi
1678 2275 1793 2331 honesta
1804 2273 1951 2329 occasione

334 2378 441 2432 omnino
455 2377 560 2433 debiles
574 2385 602 2434 cl
613 2378 720 2448 aegroti.
1166 2372 1278 2427 meliora
1291 2369 1456 2441 exemplaria
1478 2368 1650 2424 abstinentia·¹
1673 2367 1825 2439 gaudenter
1845 2367 1949 2437 amplc-

361 2466 439 2525 Disc.
457 2465 488 2524 Si
507 2469 643 2541 pinguedo
667 2478 710 2525 cst
731 2485 807 2539 caro,
829 2471 911 2543 igitur
927 2479 955 2528 et
973 2486 1070 2527 caseus
1088 2480 1115 2528 et
1165 2464 1224 2520 rari
1250 2463 1387 2528 studeant,
1405 2462 1551 2518 observare
1571 2469 1600 2516 et
1614 2460 1677 2516 aliis
1690 2458 1862 2516 observanda
1875 2474 1951 2515 cout-

332 2558 566 2633 lae,eoquodd,=
582 2564 930 2626 e,1meexeanr,similiter
951 2572 1016 2619 suns
1038 2579 1113 2619 cero,
1166 2555 1306 2612 nterrdare.
1325 2555 1384 2612 Non
1408 2557 1491 2617 enirn,
1508 2555 1563 2610 nisi
1585 2554 1612 2608 lu
1632 2553 1730 2626 spiritu
1755 2552 1886 2616 lenitatis,
1902 2566 1950 2607 ar-

361 2650 439 2725 Περ.
454 2651 511 2710 Lae
525 2665 553 2711 ct
567 2671 676 2720 caseus,
690 2672 846 2727 quanquam
861 2655 894 2711 dc
909 2671 992 2711 carne
1006 2664 1114 2722 exeant,
1164 2650 1290 2722 guendus
1306 2656 1359 2715 est,
1380 2648 1428 2721 qui
1441 2647 1555 2718 deliquit
1568 2647 1596 2701 in
1610 2647 1696 2717 legem
1710 2646 1887 2716 subreptione
1899 2645 1950 2700 ali·

331 2760 381 2801 aon
395 2756 490 2802 taurea
501 2747 610 2819 proprie
624 2763 690 2804 caro
703 2749 842 2812 dicuntur,
854 2764 888 2803 co
901 2748 974 2819 qnod
985 2762 1049 2803 earo
1060 2763 1114 2804 non
1165 2759 1218 2815 qua
1240 2743 1360 2807 iallente,
1384 2742 1426 2798 rel
1442 2740 1607 2797 necessitate
1622 2737 1794 2809 impellente;
1810 2737 1865 2794 nisi
1879 2735 1952 2801 iortc

331 2839 559 2906 mucirensem
574 2839 622 2897 sed
638 2841 689 2913 ipsi
702 2841 756 2897 cibi
770 2845 798 2897 in
810 2842 851 2896 lac
866 2840 912 2897 llei
933 2842 1114 2912 dispositione
1164 2843 1227 2907 post
1242 2834 1483 2890 commonitionem
1491 2832 1592 2903 corrigi
1605 2831 1711 2891 noletis,
1721 2847 1772 2887 nec
1786 2831 1820 2886 dc
1832 2845 1949 2886 excessu

330 2936 538 2985 coarcrtuntur.
1165 2943 1215 2985 suo
1230 2928 1338 2992 dolens,
1351 2943 1407 2983 non
1418 2926 1508 2982 solutu
1523 2939 1607 2997 opera
1622 2939 1674 2979 sua
1687 2939 1744 2979 non
1757 2931 1887 2978 vereatur
1901 2922 1951 2979 de·

363 3019 439 3076 bisc.
461 3018 590 3090 iiuoquid
607 3033 662 3075 non
676 3020 803 3076 similiter
817 3020 911 3077 virtum
927 3028 954 3077 et
967 3021 1060 3077 oleum
1081 3021 1116 3075 li·
1165 3021 1288 3085 tendere,
1303 3019 1351 3075 sed
1367 3020 1452 3076 etiam
1468 3019 1556 3092 legem
1576 3017 1731 3090 procaciter
1749 3022 1908 3088 praesumat,
1921 3021 1950 3070 et

330 3127 379 3184 gna
394 3120 471 3169 sunt.
489 3110 600 3182 quiade
616 3111 698 3183 liguis
712 3112 833 3168 exeunt?
1164 3112 1274 3168 studeat
1285 3121 1450 3183 pervertere.

362 3202 439 3275 Περ.
451 3201 512 3258 Νοιι
526 3204 659 3273 sequitur.
1200 3204 1274 3259 Dr'se.
1291 3202 1370 3260 Sicut
1390 3203 1524 3259 relatione
1535 3203 1682 3258 multorum
1695 3202 1860 3264 didicimus,-
1880 3213 1949 3255 usus

363 3295 441 3351 ⁰5⁸⁶·
454 3294 527 3361 Quid
536 3295 620 3366 leiim
633 3294 722 3349 Sillii?
1165 3299 1267 3370 saginae
1278 3296 1403 3353 indultus
1418 3304 1460 3352 est
1473 3295 1616 3350 monacbis
1632 3295 1660 3349 in
1668 3294 1787 3365 quodam
1801 3301 1948 3356 consentu,

362 3387 439 3459 llug.
467 3385 572 3444 Soccus
596 3394 686 3455 terrae,
711 3387 759 3460 qui
780 3387 895 3444 vertitur
915 3389 943 3444 in
968 3391 1063 3447 sinum
1085 3400 1113 3447 et
1165 3394 1192 3448 in
1208 3408 1263 3464 quo
1277 3389 1380 3447 resedit
1393 3386 1621 3458 imperatorl'ius
1636 3385 1791 3441 Ludorieus
1805 3399 1867 3440 cura
1878 3385 1950 3439 mul·

331 3480 433 3537 oleum.
1127 3484 1200 3560 ctis
1224 3481 1363 3553 religiosis
1387 3480 1543 3543 abbatibus,
1572 3486 1603 3534 ut
1625 3477 1746 3534 volatilia
1771 3476 1800 3532 in
1823 3476 1949 3548 saginant

361 3571 439 3629 nise.
449 3569 550 3629 Proba.
1163 3575 1390 3638 truttslerrentur,
1410 3570 1631 3629 decernentibus.
1645 3569 1715 3624 b'urn
1732 3570 1843 3625 incusas
1857 3574 1948 3624 statu-

360 3663 437 3736 urg.
451 3662 621 3737 Augustinus
634 3665 718 3722 dicit:
733 3664 860 3733 Quotidie
871 3664 1003 3722 llominus
1014 3680 1112 3736 aquam
1163 3681 1220 3727 tum
1233 3668 1291 3739 (sl)
1304 3666 1434 3723 illorum?
1597 3652 1601 3661 ’

328 3754 355 3811 in
382 3756 480 3812 riuum
499 3758 645 3821 conuertit,
669 3771 732 3812 curn
755 3758 845 3828 ipsum
867 3773 992 3824 succum,
1016 3761 1063 3829 qui
1079 3774 1110 3813 cr
1197 3761 1270 3831 lfap.
1298 3757 1426 3829 Nunquid
1454 3756 1622 3820 recordaris,
1647 3753 1721 3827 quod
1743 3753 1864 3809 volatilia
1892 3765 1948 3807 non

327 3859 401 3905 terra
421 3849 556 3917 nascitur,
578 3851 608 3906 in
632 3851 725 3905 rinmn
740 3851 832 3906 rectit.
846 3850 985 3921 liujusrel
1001 3850 1113 3907 evidens
1162 3871 1235 3919 esse,
1255 3851 1308 3908 nisi
1327 3851 1498 3907 intirmorum
1523 3847 1649 3914 tratrem,
1678 3845 1806 3918 superius
1833 3857 1949 3901 conces·

327 3939 379 3996 boc
392 3949 436 3997 cst
451 3940 594 4007 indicium,
610 3942 683 4014 quod
699 3942 728 3997 in
742 3945 851 4001 veredo
867 3944 957 4001 incisa
969 3945 1025 4003 rite
1042 3959 1113 4017 aqua
1164 3946 1254 4003 seris?

328 4031 449 4107 produit.
463 4032 542 4091 Unde
555 4034 675 4090 dicitur:
1198 4037 1272 4093 Dirc.
1293 4022 1403 4092 Minime
1422 4035 1553 4092 recordor
1571 4035 1702 4106 quoniam
1721 4030 1790 4089 iliud
1802 4031 1831 4086 iu
1843 4042 1948 4087 memo-

363 4123 444 4180 dinds
458 4142 559 4181 otemrn
573 4126 694 4190 tribuat:
710 4125 756 4180 dat
769 4126 845 4180 ruodo
859 4127 919 4180 uitis
933 4143 1041 4197 uquam.
1164 4132 1205 4187 ria
1217 4131 1300 4184 dxurn
1316 4137 1406 4185 teneo.

359 4215 542 4289 Pinguediuis
566 4227 657 4274 autem
679 4218 822 4275 dissirrrilis
837 4220 977 4285 ratiocst;
991 4221 1113 4291 eoquod
1199 4220 1272 4292 llsq.
1288 4218 1385 4275 tunica
1409 4233 1474 4290 ergo
1495 4227 1525 4274 tu
1547 4219 1615 4289 ipse,
1634 4231 1689 4288 qua
1701 4214 1810 4270 ratione
1823 4211 1883 4269 lieri
1897 4226 1947 4284 po-

327 4308 440 4380 ingenio
462 4307 583 4364 burnano
609 4323 675 4363 caro
692 4306 830 4364 irurrtcnto
853 4309 1004 4379 saginatur,
1020 4312 1114 4367 tundi·
1163 4314 1256 4378 tuerit,
1272 4321 1303 4367 ut
1317 4312 1410 4383 sagina
1427 4327 1476 4379 pro
1487 4311 1643 4366 volatilibus
1655 4303 1947 4377 relaxaretur,quacde

327 4410 382 4464 tur,
399 4401 540 4472 coquitur,
554 4400 673 4466 colatur,
699 4398 836 4471 pinguedo
861 4401 997 4457 eliicitur:
1021 4402 1059 4457 ita
1083 4412 1112 4459 ut
1163 4414 1261 4462 ecetero
1273 4417 1328 4459 tam
1344 4406 1509 4474 sanisquam
1521 4403 1636 4459 insumis
1650 4401 1865 4458 ministraretur.
1874 4397 1946 4454 Num

328 4506 397 4563 pene
412 4491 480 4547 nibil
494 4507 528 4547 es
542 4507 585 4559 ea,
599 4492 653 4549 nisi
668 4494 769 4557 scoria,
785 4504 939 4550 remaneat:
954 4511 987 4551 ac
1001 4511 1050 4567 per
1061 4498 1112 4553 boc
1163 4496 1299 4552 laudabile
1312 4511 1379 4567 ergo
1398 4496 1507 4551 illorum
1522 4499 1730 4559 commercium,
1741 4493 1788 4565 qui
1805 4501 1860 4548 tarn
1872 4491 1947 4546 timi·

327 4595 394 4638 earo
407 4597 470 4639 csse
484 4581 557 4638 baud
573 4582 675 4655 injuria
688 4584 853 4642 ostenditur.
1163 4588 1206 4644 dis
1224 4602 1273 4658 par
1291 4587 1491 4659 inscripserunt
1508 4586 1719 4651 concambiatum
1743 4600 1798 4654 quo
1813 4600 1862 4656 per
1874 4598 1944 4648 rem,

360 4670 438 4727 nire.
465 4669 571 4739 Timeo,
598 4688 634 4731 ne
659 4674 728 4731 lorte
752 4674 846 4729 audito
866 4675 919 4730 noc
937 4676 1021 4732 uerbo
1034 4677 1113 4733 multi
1162 4694 1244 4751 quam
1261 4679 1314 4735 sibi
1327 4678 1398 4734 laiso
1413 4685 1578 4750 potaverunt
1592 4693 1654 4734 esse
1669 4678 1782 4741 licitam,
1799 4690 1945 4748 compara·

327 4763 382 4820 siut
401 4764 619 4836 scandalizandi,
634 4776 662 4824 et
674 4785 760 4827 usum
774 4769 809 4826 ad
821 4773 982 4843 sanguinent
999 4770 1114 4827 oblocu·
1162 4778 1260 4828 rerunt
1283 4785 1341 4827 reru
1363 4771 1497 4834 illicitam,
1514 4785 1568 4825 ucn
1583 4770 1651 4825 satis
1661 4769 1844 4832 attendentes,
1862 4782 1945 4838 quarn

326 4855 381 4911 ‘ilfi
395 4862 425 4911 ⁶²
438 4856 569 4922 militri-
1128 4847 1151 4902 ⁰
1164 4864 1242 4919 multi
1264 4864 1316 4919 bae
1330 4864 1455 4920 libertate
1469 4866 1496 4919 in
1507 4863 1653 4918 occasione
1667 4862 1759 4918 carnis
1782 4870 1876 4918 essent
1896 4861 1945 4916 ab·

360 4946 439 5020 lug.
456 4946 514 5006 illic
530 4950 651 5022 trepidas
673 4949 782 5019 timore,
808 4954 854 5009 ubi
878 4969 933 5010 non
957 4965 1000 5011 est
1019 4954 1110 5012 timor.
1163 4957 1286 5021 usuri‚et
1298 4956 1438 5029 subpallio
1451 4955 1591 5027 religionis
1605 4970 1688 5026 super
1703 4954 1772 5009 itanc
1786 4953 1946 5009 noriterin-

329 5042 381 5112 bei
396 5041 518 5099 oiserrot
529 5054 645 5111 uittam,
661 5062 714 5101 iton
725 5047 852 5112 ursinum
866 5049 949 5119 etqui
963 5050 1112 5105 considerat
1162 5046 1318 5102 traductam
1329 5046 1554 5102 cousuetudinem
1568 5045 1761 5115 corrumpendi
1774 5045 1786 5098 i
1797 5043 1865 5099 Natu
1880 5044 1945 5115 quia

326 5134 420 5201 selu,
432 5152 567 5209 nunquam
581 5147 660 5194 metet
671 5136 771 5210 (diocle.
783 5138 833 5211 xi).
850 5138 879 5194 Si
889 5142 963 5195 enim
978 5155 1028 5212 pro
1040 5144 1112 5199 reri·
1162 5157 1177 5195 a
1204 5148 1316 5211 paterna
1338 5141 1481 5195 nobilitate
1504 5139 1713 5211 degenerantes,
1729 5147 1803 5194 stare
1815 5146 1842 5194 et
1853 5147 1946 5195 terrac

326 5236 384 5284 tate
397 5226 559 5284 scandalum
578 5229 707 5294 sumitur,
727 5229 825 5285 nrelius
836 5237 889 5293 est,
906 5238 935 5285 ut
954 5233 1110 5288 scandalum
1162 5232 1334 5296 traditiones,
1350 5246 1418 5301 quas
1432 5232 1597 5297 didicerunt,
1613 5232 1735 5287 novitate
1753 5231 1836 5285 illecti
1852 5232 1946 5301 aegle-

326 5328 470 5386 nascatur,
483 5335 566 5391 quam
577 5321 680 5377 ueritas
692 5321 870 5393 relinquatur.
885 5320 960 5377 Licet
972 5325 1054 5380 etiam
1069 5326 1110 5380 al·
1161 5332 1271 5389 xerunt,
1296 5323 1357 5380 ideo
1379 5338 1456 5379 suam
1480 5337 1578 5379 noram
1592 5321 1677 5391 legem
1692 5321 1834 5377 monacbis
1848 5317 1945 5376 condi·

325 5422 370 5471 tex
381 5411 563 5469 Saburardan
574 5413 776 5484 quodammodo
795 5414 974 5478 reviviscens,
993 5414 1049 5485 lant
1064 5416 1110 5472 diu
1161 5418 1269 5472 derunt.
1290 5414 1396 5487 Eiquia
1407 5424 1509 5471 sanctae
1522 5414 1684 5471 obedientiae
1698 5414 1820 5470 libellum
1836 5412 1943 5483 repudii

325 5519 423 5561 muros
438 5501 590 5560 ierusalem
615 5504 796 5568 destruxerit:
809 5515 836 5562 et
849 5506 912 5563 licet
926 5508 995 5563 alter
1011 5506 1111 5579 Epicu·
1162 5510 1326 5572 scribentes,
1342 5508 1544 5565 districtionem
1563 5508 1696 5579 regularis
1710 5506 1882 5563 abstinentiae
1899 5520 1943 5561 re·

325 5612 375 5653 rus
385 5596 467 5667 longe
477 5595 697 5668 latequesectam
709 5612 787 5654 suam
801 5596 1029 5663 disseminarent,
1046 5599 1112 5654 diri·
1163 5604 1305 5665 miserunt,
1322 5605 1486 5674 transgressi
1499 5612 1563 5657 sunt
1579 5585 1710 5655 terminos
1722 5599 1859 5670 antiquos,
1874 5612 1944 5670 quos

324 5704 394 5745 nunt
419 5695 513 5745 tameo
538 5702 700 5761 responsuro
725 5703 776 5746 nos
797 5690 974 5755 consolatur,
996 5690 1108 5747 dicens:
1162 5690 1257 5747 Patres
1271 5707 1368 5748 eorum
1381 5700 1540 5763 posuerunt.
1557 5690 1632 5745 Ebeu
1647 5699 1715 5762 quot
1726 5691 1760 5747 de
1779 5700 1834 5745 tant
1846 5691 1943 5745 lauda·

326 5779 431 5851 lieliqrri
451 5780 516 5835 uiti
528 5791 627 5851 septem
647 5779 734 5836 millis
752 5781 879 5846 uirorum,
895 5781 1003 5854 quinon
1016 5799 1111 5838 euroe-
1161 5785 1209 5840 lrili
1238 5786 1450 5852 consuetudine,
1472 5800 1556 5856 quam
1579 5784 1677 5841 Patres
1703 5786 1872 5855 antiquiores
1885 5783 1942 5853 (35)

326 5882 417 5929 rerunt
430 5887 516 5943 gersa
525 5889 576 5928 ssa
589 5882 649 5927 este
660 5871 730 5928 Bual
742 5872 829 5944 (dom.
846 5876 896 5929 xrl.
1167 5877 1329 5942 babuerunt,
1354 5877 1388 5932 ad
1412 5879 1613 5949 suggestionem
1633 5878 1715 5933 unius
1728 5876 1869 5934 saecularis
1881 5890 1944 5945 per·

360 5965 438 6022 disc.
453 5963 512 6022 Nisi
523 5966 646 6037 linguam
661 5977 689 6024 et
702 5970 803 6042 stylum
815 5951 972 6028 cohibueris
983 5970 1109 6043 pudenda
1161 5984 1236 6025 soruc
1247 5977 1402 6034 cesserunt,
1422 5984 1473 6024 trec
1493 5967 1679 6034 attenderunt,
1702 5966 1778 6039 qood
1796 5965 1868 6024 Esau
1886 5963 1943 6037 pri·

360 6110 464 6193 (30⁵0.
478 6118 551 6186 bisi„
566 6128 666 6177 statuto
1198 6124 1254 6196 (55)
1268 6124 1299 6181 C.
1316 6124 1388 6191 ttet,
1404 6126 1528 6182 seniores.

429 6216 568 6278 Ριτιιοι.
585 6214 721 6279 ccxlll.
1678 6219 1718 6281 30
