5125 7059
613 711 666 768 955
1229 696 1387 754 ANONYiss
1406 695 1543 754 secedit
1563 695 1618 754 Xii.

645 823 722 881 Tunc
737 823 783 879 illc
792 823 939 880 revomitur
952 820 986 875 ad
1001 818 1093 875 sedem
1109 833 1198 874 suuni.
1218 815 1320 872 iterum
1331 817 1390 872 hu·
1404 824 1428 883 Α
1476 816 1555 872 Turio
1569 813 1756 870 Antichristus
1772 833 1779 868 :

610 921 754 974 tichristus
769 917 861 988 dirigit
883 916 1039 988 hypocritas
1061 912 1095 968 ud
1110 926 1201 984 regem
1222 907 1393 965 Francorum
1512 905 1707 963 consummata
1717 921 1774 960 sere
1786 913 1887 977 pentem
1901 905 2057 975 perditionis

610 1028 671 1066 curn
685 1011 846 1066 munoribus
859 1009 973 1064 diceus:
1512 999 1566 1054 Pro
1581 1009 1656 1054 tanto
1666 999 1795 1054 scandata
1810 1000 1947 1072 redipionis

682 1100 747 1154 iiior
762 1115 871 1153 munero
884 1099 938 1169 repi
951 1096 1114 1151 francorum
1127 1093 1251 1163 offeretis,
1515 1088 1583 1144 Ecce
1594 1089 1746 1160 superbiam
1758 1089 1882 1145 humano
1893 1092 2032 1159 potestatis

681 1194 764 1260 Quem
775 1208 833 1245 cum
846 1192 904 1246 suis
916 1189 951 1244 ud
966 1207 1013 1244 nos
1026 1187 1131 1259 peritia
1141 1183 1305 1240 convertetis.
1516 1179 1606 1236 Terret
1614 1183 1733 1249 potentia
1741 1180 1838 1236 diriore
1849 1181 2022 1251 majestatis!

681 1285 821 1338 iiiriostro
836 1284 902 1337 ritui
914 1280 1203 1351 [ormomodinuenern
1479 1273 1557 1330 Tunc
1583 1274 1678 1348 dirigit
1700 1275 1825 1348 singulos
1844 1277 1957 1332 nuutios
1981 1275 2016 1331 sd
2036 1290 2118 1348 roges
2138 1273 2230 1332 dioeru

681 1376 781 1432 Nostro
793 1375 915 1430 adventui
929 1375 998 1428 riam
1008 1387 1198 1442 preparation.
1444 1368 1486 1426 eis
1503 1387 1510 1425 :

681 1469 785 1524 Horum
799 1467 933 1523 suhtr'iitus
948 1465 1023 1520 nohis
1037 1464 1184 1520 elaborarit
1515 1458 1749 1531 inconprepantes
1763 1459 1904 1530 {unitates
1916 1475 2058 1531 mpnorum

681 1559 815 1616 Turonum
826 1556 1008 1621 conscendere,
1016 1572 1092 1626 mem
1108 1556 1193 1610 uirtus
1203 1551 1348 1620 occuparit.
1514 1550 1672 1608 Corrcuicent
1686 1553 1784 1622 impetu
1796 1551 1914 1622 [urerent
1923 1551 2112 1621 superiorum.

644 1650 723 1707 Tunc
744 1649 905 1722 hypocritae,
927 1648 1048 1719 acceptis
1063 1645 1236 1708 muneribus.
1249 1643 1352 1700 rudunt
1362 1641 1395 1696 sd
1482 1640 1577 1697 Nuntii
1586 1658 1654 1699 uero
1665 1643 1808 1700 uenientes
1821 1657 1916 1703 eornm
1930 1643 2044 1709 regibus
2058 1651 2174 1699 cantaro
2188 1663 2196 1700 :

610 1758 702 1813 regem
713 1740 734 1794 F
736 1746 934 1803 rancorurn‚-et
948 1745 1052 1793 stantes
1071 1752 1165 1791 corum
1179 1751 1213 1792 eo
1224 1740 1337 1790 cuntant
1352 1751 1359 1788 :
1517 1734 1584 1791 Ecce
1597 1745 1687 1791 noster
1703 1737 1832 1791 Dominus
1842 1745 1868 1790 et
1881 1735 1953 1790 deus
1967 1735 2080 1791 deornm

646 1833 712 1897 lter,
737 1832 785 1885 tihi
800 1832 874 1885 scius
889 1832 934 1897 sit,
948 1837 1001 1885 etc.
1015 1826 1145 1883 Ultimum
1169 1825 1320 1882 clausulam
1343 1824 1397 1880 istu
1517 1827 1570 1882 Per
1584 1845 1631 1882 nos
1643 1829 1787 1883 exercitum
1798 1837 1923 1883 conuocat
1935 1845 2058 1895 suorum,

611 1929 813 1977 commutantes
827 1940 834 1974 :
1518 1919 1539 1975 U
1543 1929 1552 1973 t
1564 1935 1609 1989 per
1622 1937 1665 1976 eos
1680 1920 1851 1976 Teutonicum
1864 1921 2019 1976 condemnet
2033 1921 2166 1990 furorem.

681 2012 733 2067 Sed
752 2013 785 2066 de
799 2013 837 2065 tm'
851 2010 924 2081 renui
934 2019 1022 2063 Μῖνι
1035 2008 1170 2062 devotione
1519 2011 1552 2066 in
1564 2012 1632 2066 detio
1647 2022 1795 2083 marturum
1810 2013 1976 2083 condonabit
1986 2028 2123 2068 cruorem.

681 2103 806 2173 dependit
819 2102 866 2155 tihi
881 2102 962 2155 uicem
973 2100 1117 2155 rotuntoris
1128 2098 1213 2154 ionic.
1482 2100 1560 2156 Turro
1576 2119 1655 2172 repes
1668 2105 1836 2159 conueniunt
1851 2112 1916 2160 uate
1929 2104 2061 2160 thronum
2095 2103 2233 2159 Antichri-

646 2195 796 2259 Turtures,
814 2194 936 2264 acceptis
951 2192 1124 2247 muneribus.
1140 2198 1233 2246 aarum
1248 2209 1255 2246 ε
1271 2189 1396 2244 Libenter
1410 2169 1433 2229 B
1446 2196 1493 2252 sti,
1507 2197 1613 2262 Quibus
1628 2195 1675 2252 itte
1690 2215 1697 2252 :

611 2286 730 2351 exhibeo,
756 2293 811 2341 etc.
834 2283 867 2338 Et
888 2286 940 2340 hoc
958 2284 1063 2338 iteruns
1078 2284 1153 2338 venit
1172 2281 1207 2336 ud
1220 2283 1395 2352 praesentium
1518 2286 1712 2341 consummabo
1720 2303 1788 2352 rere,
1801 2293 1855 2344 etc.

611 2376 785 2441 hirtichristi‚
811 2384 838 2430 ct
850 2376 920 2431 dexo
943 2390 1025 2445 gerru,
1043 2373 1124 2431 offert
1139 2375 1166 2430 ei
1185 2389 1317 2430 eoronam
1332 2390 1398 2430 can·
1519 2377 1560 2432 Ite
1570 2375 1719 2433 Germania
1734 2379 1860 2434 terminos
1873 2376 2015 2442 innodetis,

611 2483 675 2529 turis
691 2487 698 2525 ε
715 2473 774 2527 Tibi
790 2474 926 2541 profiteor,
938 2481 992 2527 etc.
1004 2469 1199 2534 Antichristus,
1212 2482 1246 2524 eo
1256 2476 1396 2538 suscepto,
1519 2468 1667 2538 Superbum
1681 2469 1806 2538 poputum
1821 2486 1882 2526 cum
1896 2485 1957 2540 repe
1967 2469 2126 2525 conmotis.

612 2566 641 2620 in
653 2566 748 2622 osculo
763 2567 853 2635 sipont
867 2578 931 2620 eum
945 2573 972 2619 et
988 2578 1054 2622 suos
1068 2562 1096 2618 in
1109 2562 1256 2626 t'rontihus,
1270 2569 1299 2617 et
1311 2560 1399 2631 impo-
1485 2561 1563 2618 Tunc
1579 2577 1676 2618 omues
1686 2570 1800 2617 cantant
1814 2581 1821 2619 ε

612 2674 682 2714 urens
707 2659 732 2714 ci
753 2673 883 2714 coronam
912 2665 1005 2712 cantat
1025 2676 1032 2714 ι
1056 2656 1175 2726 Viseper
1198 2655 1326 2727 prasium,
1341 2661 1396 2709 etc.
1519 2654 1589 2709 Deus
1600 2653 1737 2708 nobiscum
1748 2663 1799 2721 est,
1811 2669 1877 2726 quos
1887 2663 1977 2710 tuetur
1993 2661 2136 2724 potenter,

613 2748 691 2804 Tunc
705 2751 804 2805 iterum
828 2749 921 2820 dirigit
941 2746 1097 2820 hypocritas
1107 2746 1142 2802 sd
1155 2761 1247 2817 restem
1268 2742 1399 2800 Teutoni·
1519 2746 1575 2803 Pro
1588 2747 1640 2817 fide
1658 2747 1739 2818 ipitur
1750 2762 1894 2818 pupnemus
1908 2746 2082 2816 confidenter.

612 2858 718 2907 eorum,
734 2848 849 2897 cantans
865 2860 872 2897 ε
1484 2839 1517 2895 Et
1531 2839 1710 2910 disponentes
1724 2841 1803 2896 acies
1812 2854 1878 2897 suus
1896 2839 1927 2895 in
1939 2854 2092 2896 occursum
2104 2838 2236 2897 Teutoni-

682 2932 823 2987 ia'sceiieus
834 2942 873 2987 est
889 2932 917 2987 io
931 2929 1068 3001 armisius
1079 2928 1293 2990 Teutonicum,
1449 2946 1546 2988 corum
1562 2929 1781 3001 congrediuntur
1788 2947 1852 2988 eum
1867 2931 1919 2995 eis.
1931 2939 1960 2988 et
1972 2941 2124 3002 superatur
2136 2933 2235 2989 merci-

683 3026 759 3080 Sicut
775 3024 1017 3095 taranturerperri
1030 3022 1113 3078 rohur
1126 3037 1228 3077 eorum.
1449 3031 1494 3079 tus
1512 3023 1673 3080 Antichisti.
1683 3021 1762 3078 Tunc
1776 3039 1825 3080 rex
1839 3022 2055 3081 Teutonicorum
2070 3025 2194 3090 rediens,
2209 3031 2233 3079 et

683 3111 778 3182 itepem
789 3112 940 3166 muneribus
950 3120 989 3166 est
999 3127 1065 3182 opus
1075 3110 1212 3181 mitipori:
1449 3116 1548 3170 sedens
1562 3115 1590 3169 in
1601 3115 1701 3172 throno
1714 3131 1765 3172 suo
1779 3123 1895 3171 cuntot:

684 3201 733 3256 Est
744 3219 803 3256 cum
815 3201 966 3258 Teutonicis
978 3204 1113 3257 incoatum
1123 3201 1254 3270 praeiiari.
1519 3205 1653 3277 Sanguine
1666 3207 1762 3274 patrico
1774 3206 1858 3262 honor
1870 3214 1911 3261 est
1923 3206 2100 3264 retinendus:

684 3291 723 3347 Hi
733 3309 821 3347 serum
834 3293 1013 3364 pspnontiius
1023 3293 1139 3363 pessima
1153 3293 1246 3363 pestis.
1523 3294 1625 3351 Virtute
1637 3295 1734 3365 putria
1749 3304 1788 3350 est
1802 3294 1887 3350 hostis
1898 3295 2068 3366 expediendus

685 3385 743 3441 lios
756 3386 830 3441 nohis
844 3388 966 3458 subjicite
975 3389 1052 3444 donis
1064 3391 1089 3444 si
1099 3391 1220 3458 potestis.
1518 3383 1570 3440 dus
1580 3385 1643 3442 doio
1656 3386 1787 3456 perditum
1798 3395 1837 3441 est
1851 3388 1979 3458 sanquine
1991 3389 2087 3445 senode

650 3476 727 3533 Tunc
744 3479 904 3551 hypocritae,
925 3482 1047 3551 acceptis
1065 3483 1239 3546 muneribus,
1254 3489 1399 3540 transeunt
1519 3475 1565 3532 Sic
1578 3476 1748 3532 retinebimus
1764 3474 1843 3531 decus
1861 3476 2011 3546 imperiale.

615 3586 650 3624 uu
670 3585 761 3640 regern
782 3579 926 3629 cantantes
946 3588 1040 3629 eoram
1053 3588 1088 3630 eo
1104 3593 1111 3630 :
1126 3572 1183 3629 lies
1198 3576 1246 3630 tihi
1264 3575 1340 3630 satus
1353 3575 1398 3641 sir,
1485 3568 1564 3625 Tunc
1578 3569 1728 3642 hypocrite
1743 3567 1883 3625 adducunt
1902 3568 2033 3625 claudum
2046 3584 2145 3627 coram
2159 3571 2231 3627 huti-

615 3667 681 3724 ctc.,
698 3660 823 3715 ultimum
837 3677 947 3716 remum
961 3662 1062 3718 iterum
1076 3662 1131 3718 isto
1143 3671 1364 3723 commutantes:
1452 3663 1568 3719 christo.
1581 3662 1640 3730 Quo
1649 3670 1757 3728 sanato,
1767 3677 1817 3718 rex
1831 3662 2045 3720 Teutoaioorum
2058 3662 2194 3720 hesitrhit
2207 3665 2230 3718 ia

685 3747 720 3802 Et
730 3749 771 3803 his
786 3759 810 3804 te
822 3750 955 3806 honorans
969 3753 1121 3808 muneribus
1134 3753 1269 3808 ohoentnn
1452 3754 1513 3812 tide.
1527 3753 1604 3809 Tunc
1615 3758 1714 3809 iterum
1724 3755 1863 3812 adducunt
1876 3757 2024 3827 lepmsum‚
2036 3757 2121 3812 etido
2131 3764 2230 3820 suasio,

685 3840 807 3894 triricum
821 3859 924 3898 cernere
933 3843 1065 3899 desiderat
1076 3853 1241 3913 presentem.
1451 3863 1499 3902 rex
1513 3846 1575 3917 pius
1587 3846 1734 3904 dubitabit.
1742 3847 1784 3904 hd
1794 3848 1920 3904 uitiorum
1934 3847 2087 3919 importent
2098 3849 2230 3914 teretrum,

652 3930 730 3987 'runc
744 3948 793 3988 ren
808 3933 1021 3992 Teutonicorum
1033 3944 1126 3992 cuntot
1144 3955 1152 3993 :
1451 3937 1481 3993 in
1499 3954 1553 4010 quo
1563 3938 1673 4008 jacebat
1687 3938 1800 4010 quidum
1816 3938 1951 3995 simulans
1964 3953 1996 3995 se
2009 3937 2040 3995 iu
2054 3940 2153 4010 predio
2164 3939 2231 3995 oeci·

687 4023 840 4080 fraudidus
853 4029 981 4082 versutius
996 4029 1270 4099 compettoreaperiri‚
1452 4046 1525 4088 suin.
1535 4029 1616 4087 Juhet
1631 4032 1723 4102 itaque
1739 4031 1936 4096 Antichristus.
1952 4039 1984 4087 ut
1998 4039 2109 4102 surgat,
2124 4033 2229 4090 dicens:

686 4116 739 4171 Per
752 4133 819 4187 quos
834 4121 951 4189 nequitia
965 4121 1032 4175 soter
1046 4121 1163 4176 ruentiri.
1522 4123 1605 4193 Sipha
1618 4137 1719 4192 semper
1729 4131 1849 4192 quierunt
1864 4123 1942 4178 rudes
1956 4132 1981 4178 et
1996 4122 2133 4194 infideles.

685 4207 741 4263 Sui
756 4208 843 4277 iorum
858 4212 954 4264 ueritas
968 4213 1073 4266 uirtutis
1091 4223 1224 4281 putatur:
1522 4212 1616 4284 Smpe,
1629 4229 1706 4284 surpe
1715 4212 1848 4282 uelociter,
1861 4215 1921 4286 quis
1930 4215 1981 4269 sim
1993 4231 2052 4286 epo,
2069 4215 2178 4273 recedes.

688 4299 813 4355 Ostendet
826 4301 1023 4374 saisitus,quod
1039 4304 1127 4372 [orma
1141 4305 1295 4360 mentiatur.
1488 4303 1565 4359 Tunc
1578 4307 1625 4360 iiic
1638 4307 1673 4360 de
1684 4303 1786 4361 feretro
1802 4312 1896 4360 cuntot
1911 4324 1919 4361 r

686 4393 740 4448 Per
754 4411 799 4449 aas
813 4406 937 4466 corrupto
950 4406 989 4452 est
1005 4397 1071 4467 fides
1087 4397 1314 4462 distinctionum,
1524 4397 1563 4452 Tu
1576 4397 1706 4467 sapientia
1721 4413 1841 4466 supemoe
1851 4396 1979 4464 ueritatis,

687 4484 740 4540 Per
757 4503 798 4540 me
808 4497 956 4542 conteretur
969 4505 1077 4558 repnum
1088 4491 1287 4546 simulatorum.
1529 4487 1617 4542 Virtus
1642 4489 1741 4544 inuicta
1752 4505 1780 4544 es
1791 4488 1888 4543 diuinos
1900 4488 2060 4557 majestatis.

688 4576 774 4632 Piens
786 4588 847 4633 sunt
861 4580 1002 4648 fraudidus
1017 4599 1127 4637 munera
1138 4583 1295 4653 deceptoris,
1487 4579 1519 4634 ht
1535 4580 1683 4652 hypocrite
1696 4596 1790 4637 seeum
1814 4588 1926 4637 contum
1941 4599 1948 4638 ι
1966 4580 2006 4635 Tu
2025 4582 2229 4649 sapientiem.

687 4665 722 4722 In
735 4685 799 4740 quos
811 4681 914 4724 corruet
926 4672 1101 4743 perpiodium
1117 4674 1224 4736 ultoris,
1452 4669 1530 4725 Tunc
1553 4685 1601 4726 rex
1622 4670 1835 4728 Teutouioomm
1853 4671 1950 4728 videns
1972 4670 2052 4743 sight
2078 4671 2217 4729 seducitur

687 4758 781 4813 Secum
789 4763 899 4829 pecunia
908 4765 943 4817 sit
957 4765 983 4816 in
997 4765 1180 4832 perditionem,
1452 4762 1546 4818 diceus
1560 4780 1568 4818 ε

687 4849 797 4905 Grarem
807 4852 907 4923 iniuria
920 4865 1052 4923 exspectat
1061 4857 1196 4911 ultionem.
1415 4871 1440 4930 ῃ
1522 4853 1623 4910 Nostro
1639 4872 1686 4910 nos
1703 4855 1801 4924 impetu
1815 4869 1916 4924 semper
1928 4851 2137 4925 periclitamur:

653 4941 731 4996 ‘iuno
744 4942 892 5013 irypocritae
910 4945 1019 5000 coniusi
1038 4945 1165 5012 redeunt,
1180 4954 1208 5003 et
1229 4954 1334 5003 stantes
1355 4962 1402 5001 co-
1523 4947 1654 5001 Aduersus
1665 4946 1808 5002 dominum
1821 4948 1922 5001 incauti
1935 4945 2108 5014 pretiamur.

618 5049 676 5090 ram
691 5033 861 5089 Antichristo
876 5043 1007 5091 cuntant:
1523 5038 1649 5109 inhujus
1663 5040 1768 5095 nornine
1777 5039 1875 5094 mortui
1885 5039 2062 5104 suscitentur,

691 5122 714 5178 0
726 5125 799 5193 repni
810 5125 907 5195 pierio,
921 5136 999 5195 eaput
1011 5129 1092 5182 totius
1104 5128 1207 5194 masidi,
1523 5127 1558 5184 Et
1567 5127 1656 5183 ctaudi
1669 5128 1817 5194 amiciunt,
1832 5129 1928 5198 ieprosi
1937 5129 2115 5197 mundantur,

690 5213 798 5282 Offensa
817 5218 902 5284 rspice
912 5218 1001 5286 popuii
1016 5217 1165 5286 furibundi.
1523 5217 1604 5275 lilius
1614 5222 1696 5291 ipitur
1707 5222 1822 5293 pieriam
1833 5238 1994 5278 ueneremur.

691 5310 766 5365 Certe
775 5311 930 5380 predictum
944 5324 983 5369 est
996 5331 1042 5384 per
1053 5315 1131 5386 fidem
1145 5317 1332 5374 intimorum:
1487 5308 1566 5364 Tunc
1580 5326 1627 5364 rex
1644 5311 1768 5365 ascendit
1785 5311 1819 5365 ad
1833 5311 2044 5375 Aritichristum.
2056 5319 2086 5366 et
2098 5311 2153 5368 hoc
2168 5311 2232 5366 idem

692 5402 769 5469 Quod
780 5414 807 5457 ta
821 5407 945 5472 subjicies
960 5410 1070 5463 ceruices
1081 5408 1261 5477 somniorum.
1453 5408 1556 5458 cantat.
1579 5401 1647 5457 Cum
1672 5415 1762 5457 autem
1788 5403 1894 5459 uenerit
1909 5417 2003 5458 coram
2018 5416 2064 5471 eo,
2086 5402 2159 5460 dexo
2171 5418 2233 5474 penu

690 5495 720 5550 Si
733 5497 828 5551 uirtute
840 5507 886 5552 ruo
898 5507 968 5554 rocus
980 5501 1050 5555 ortis
1062 5502 1193 5569 nutrierit,
1452 5494 1531 5549 oiicrt
1558 5495 1584 5559 ci
1611 5508 1741 5550 coronam
1766 5503 1880 5549 cantans
1902 5513 1910 5549 r
1938 5493 1998 5548 Titi
2024 5497 2167 5566 profiteor,
2185 5504 2232 5551 etr.

693 5586 753 5652 Qua
763 5589 787 5641 oi
801 5588 1003 5645 teutonicorum
1014 5592 1089 5661 ponor
1105 5594 1152 5647 iiii
1162 5594 1282 5650 restem?
1454 5585 1532 5640 Tunc
1546 5585 1732 5640 Antichristus
1748 5585 1860 5656 signans
1874 5600 1948 5651 eum,
1965 5593 1996 5642 et«
2014 5601 2085 5643 suos
2100 5589 2129 5643 ia
2143 5588 2233 5643 irenti-

695 5676 782 5747 ipitur
796 5687 868 5733 tuam
882 5680 1025 5736 Germania
1037 5684 1201 5754 blasphemat
1213 5686 1351 5753 ditionem,
1454 5679 1538 5744 “liuh
1560 5685 1587 5733 θῑ
1611 5677 1756 5748 i¹¹¹P⁰¹¹0¹¹S
1777 5677 1802 5732 ei
1817 5691 1948 5731 0⁰s⁰¹¹²¹¹¹
1973 5686 2070 5732 0³¹¹stss
2086 5698 2094 5734 ἰ
2116 5676 2176 5734 Vs&
2193 5692 2232 5746 W
2270 5690 2271 5736 i

695 5769 807 5825 Errottir
819 5785 1020 5829 cornemium
1032 5778 1194 5847 sermionem,
1454 5771 1579 5840 prasium,
1597 5777 1650 5826 etc.
1667 5767 1743 5823 Tunc
1756 5768 1903 5825 committit
1917 5768 1971 5825 sihi
1984 5769 2190 5840 expeditionem
2203 5767 2231 5822 ad
2270 5767 2271 5797 ¹

694 5861 801 5933 Respice
815 5876 933 5919 nostrum
947 5869 1126 5937 confusionem
1455 5870 1558 5934 gentes.
1574 5861 1666 5917 (licens
1682 5882 1689 5917 :

696 5951 729 6006 Iu
743 5971 773 6008 ea
781 5955 875 6022 judica
890 5967 962 6011 tuam
974 5960 1154 6027 operosiorem.
1530 5953 1607 6008 Vobis
1622 5953 1797 6022 credentibus,
1811 5954 1986 6008 concertimsr
2000 5952 2036 6007 ad
2048 5964 2153 6023 perum.

700 6045 782 6099 Tuom
796 6050 937 6113 potentiam
947 6051 1046 6119 injuria
1061 6060 1182 6113 testatur,
1491 6047 1524 6102 Et
1534 6046 1598 6103 doto
1613 6046 1665 6101 sihi
1681 6045 1772 6116 gladio
1785 6054 1878 6102 cantat
1894 6067 1900 6103 :

698 6136 780 6206 Cujus
795 6139 930 6206 imperium
949 6141 1053 6196 ruiuum
1067 6141 1194 6197 minetur.
1527 6138 1577 6194 Per
1592 6149 1615 6194 tc
1628 6139 1789 6208 disponimus
1804 6140 1851 6198 irus
1866 6140 1924 6210 heri
1935 6137 2082 6199 credentes.
