5125 7059
600 674 654 729 ott

1116 669 1220 724 ruint
1243 668 1364 724 vitatis
1384 667 1524 724 cannati
1544 666 1698 724 litta'atlttt

2179 666 2228 724 itt

600 801 692 848 autem
720 799 747 844 et
775 787 859 843 irater
885 787 945 857 ejus
976 784 1066 841 cntno
1088 793 1167 840 eraut
1189 785 1259 838 inter
1284 784 1389 838 nrrrrlri-
1405 790 1426 845 Α
1442 799 1493 838 uos
1512 803 1519 840 ε
1537 784 1637 853 quibos
1653 783 1704 839 rite
1718 784 1847 855 peractis.
1867 784 2028 854 traditisque
2050 786 2182 855 ruptariis
2201 801 2229 844 et

599 897 676 937 nam.

636 963 817 1041 i'rojic'ientes
828 970 911 1040 igitur
924 968 1072 1023 adversarii
1088 967 1225 1022 interesse
1236 965 1269 1020 ud
1295 965 1390 1019 iucen-

600 1064 718 1119 dendum
731 1064 819 1131 ignem
837 1061 1002 1115 necessaria.
1021 1059 1105 1113 nostri
1128 1056 1351 1112 constantissime
1362 1064 1390 1109 ot

599 1172 663 1210 cum
675 1156 760 1209 inulto
774 1154 878 1217 laboro,
895 1153 1001 1215 rinuro,
1017 1167 1126 1221 aquam,
1136 1159 1247 1213 terram,
1261 1149 1388 1217 inignem

600 1249 755 1308 mittebant,
776 1247 931 1300 aliiantem·
952 1247 1141 1300 instrumentis
1168 1243 1276 1308 lemeis,
1302 1242 1388 1296 lrrrsta

600 1341 725 1393 carnium
739 1348 766 1391 et
779 1355 842 1392 rasa
860 1338 921 1391 oleo
933 1337 1022 1406 plena,
1048 1353 1109 1406 qnae
1126 1335 1276 1389 ndrcrsarii
1300 1334 1388 1402 jactar-

600 1431 676 1496 bunt,
696 1431 730 1483 ab
746 1431 806 1500 igue
822 1430 1014 1484 extrahebant.
1047 1430 1092 1482 Sic
1110 1429 1203 1498 itaque
1233 1428 1319 1480 rrtrstri
1342 1440 1389 1495 prr

600 1522 774 1576 incredibiles
790 1521 891 1576 caloris
907 1531 933 1574 et
946 1522 1049 1574 laboris
1064 1521 1227 1585 anxietates,
1240 1518 1314 1588 rqtrorl
1328 1518 1388 1571 siue

600 1611 727 1683 iaerynris
738 1613 823 1665 rideri
836 1613 879 1665 rix
895 1620 995 1681 posset,
1020 1612 1193 1681 saeqredietarrtr
1221 1610 1387 1676 tnaelriuam,

600 1705 635 1758 ab
646 1705 707 1773 igue
721 1715 892 1758 exeruerunt,
910 1702 937 1756 in
951 1705 1073 1757 crastino
1089 1716 1180 1757 autern
1194 1710 1334 1756 armantes
1358 1715 1389 1755 se

598 1797 736 1867 peregrini
754 1798 840 1851 nostri
857 1795 890 1849 ad
914 1805 1035 1850 castrum
1060 1797 1180 1866 nudique
1201 1801 1387 1861 accesserunt,

600 1888 792 1959 intrantesque
818 1888 1004 1942 audacissime
1030 1889 1148 1957 primurn
1175 1887 1322 1951 iossatnm,
1340 1900 1389 1955 pet·

1441 875 1598 930 bominibus
1612 873 1767 938 Tolosanis,
1786 876 1988 944 recepiteomcs
2008 884 2130 931 castrum
2143 889 2169 932 et
2185 894 2227 932 re·

1441 967 1527 1021 stituit
1538 968 1627 1036 ipsum
1637 968 1739 1029 abluti,
1749 970 1825 1022 sairo
1838 968 1954 1038 eoquod
1966 968 2067 1038 dejure
2076 971 2229 1026 habuerant

1441 1061 1467 1115 in
1495 1069 1585 1114 castro
1614 1060 1728 1114 eoruites
1764 1058 1905 1114 Tolnsnui.
1935 1059 2108 1130 accipientes
2138 1073 2228 1118 autom

1440 1152 1575 1223 peregrini
1592 1152 1677 1206 nostri
1695 1152 1842 1221 ruptarios,
1858 1151 2227 1211 arirlissirncinterfecerunt.

1440 1243 1495 1298 lice
1521 1245 1656 1299 silentium
1684 1246 1823 1299 credimus
1849 1247 1920 1315 quod
1946 1258 2066 1302 castrum
2088 1247 2227 1314 lioisiaci,

1440 1336 1513 1406 qnod
1533 1337 1559 1389 in
1576 1336 1667 1406 uigilia
1684 1336 1888 1406 lissrrmptioois
1903 1337 1933 1392 B.
1963 1337 2055 1394 blaciae
2080 1341 2227 1396 obsessum

1440 1429 1540 1495 inerat,
1556 1429 1581 1481 in
1597 1428 1666 1483 lesto
1680 1427 1836 1484 Nutiritatis
1848 1431 1970 1498 ejusdem
1989 1430 2107 1501 iii-ginis
2119 1443 2227 1502 captum

1440 1518 1490 1574 luit
1507 1540 1514 1576 t
1530 1522 1688 1601 agnoscitur
1720 1537 1786 1592 crgo
1810 1533 1919 1592 operata
1942 1524 1970 1578 li.
1995 1524 2086 1595 l'irgo.
2117 1526 2227 1583 linteos

1439 1628 1532 1670 comes
1546 1615 1707 1677 allois'raco,
1720 1617 1992 1686 proposuitobsirlerc
2010 1628 2131 1672 castrum
2143 1621 2228 1689 quol-

1439 1707 1501 1761 dam
1513 1723 1597 1778 prope
1612 1708 1716 1762 Fuxnm
1728 1749 1735 1774 ,
1752 1710 1863 1762 ttorninc
1874 1708 2062 1764 Saretdnonm
2077 1711 2104 1762 iu
2115 1712 2226 1765 diocesi

1439 1797 1574 1853 Tnlosaoa
1590 1818 1597 1854 ε
1615 1812 1734 1854 castrum
1753 1800 1818 1853 iliud
1835 1815 1849 1852 a
1864 1800 1987 1854 tiornioio
2004 1802 2114 1855 comitis
2142 1803 2226 1856 nostri

1438 1899 1601 1956 recesserat,
1616 1907 1763 1961 comesque
1777 1892 1856 1957 l'uri,
1876 1892 1922 1960 qni
1948 1892 2013 1945 illud
2028 1893 2149 1956 reuoluat,
2177 1907 2226 1945 oe·

599 1982 703 2037 punitos
728 1982 835 2035 iabores
852 1990 879 2034 et
894 1980 1134 2034 constantissimus
1152 1979 1313 2048 probitates,
1343 1993 1388 2031 te·
1439 1983 1549 2038 cusiene
1563 1983 1645 2037 castri
1662 1983 1746 2046 illins,
1759 1991 1879 2036 castrum
1892 1983 2227 2052 lipatniurnmplurimum

598 2074 697 2144 paguia
710 2074 799 2144 lignea
816 2073 1041 2142 corrlriogebant3
1059 2071 1208 2126 adrerum-ii
1225 2081 1327 2137 aulem,
1339 2069 1384 2140 qni
1439 2075 1597 2130 infestabat.
1615 2075 1717 2128 interra
1734 2076 1844 2145 quidam
1860 2050 1994 2145 peren-int
2007 2076 2227 2130 nobilesdetiie·

599 2168 671 2222 iuter
683 2167 811 2238 repagula
826 2175 853 2220 et
867 2167 893 2220 in
906 2165 1070 2220 lurrbueanis
1081 2175 1169 2228 eraut,
1194 2167 1267 2235 ipsas
1289 2165 1388 2220 barba·
1402 2145 1424 2203 B
1439 2170 1699 2236 rnaouia,reneram
1710 2169 1923 2224 Carcassonam.
1938 2169 2125 2240 ingerrannus
2137 2181 2226 2225 autem

598 2275 693 2323 canas,
705 2270 784 2328 prout
796 2269 930 2329 poterunt,
950 2257 1144 2311 delemlebant·
1160 2256 1228 2310 Corn
1245 2258 1321 2310 tieret
1336 2274 1387 2311 au·
1438 2261 1472 2317 de
1482 2261 1565 2327 liora,
1578 2263 1621 2317 cui
1634 2263 1849 2331 supradiximus,
1864 2277 1958 2317 comes
1972 2271 2065 2317 noster
2077 2277 2224 2317 concesse·

599 2359 654 2406 tem
674 2351 794 2406 insultus
822 2352 883 2414 iste.
902 2351 1047 2419 episeopus
1070 2349 1257 2414 (lateranam,
1286 2359 1312 2403 et
1337 2364 1388 2418 ego
1437 2355 2226 2425 ratpropertenta-,materrarnromitisl'trri;aliietiaor

597 2459 646 2515 per
661 2445 812 2499 exereitum
831 2444 1056 2498 discurrebamus
1071 2451 1179 2495 nosnos
1198 2442 1386 2499 esirtntautes.
1437 2448 1539 2503 milites
1554 2449 1641 2503 nostri
1651 2449 1698 2517 qui
1711 2448 1901 2503 custodiebant
1912 2457 2012 2502 terram
2024 2448 2227 2503 (lairenssoneu-

597 2535 832 2605 llrcbieplscopns
859 2546 948 2590 antem
975 2534 1131 2601 ilerneusis,
1155 2544 1182 2588 et
1200 2533 1337 2589 Tulit-usis
1360 2544 1388 2589 et
1438 2557 1508 2605 sem,
1530 2543 1620 2598 dictos
1645 2543 1815 2597 Alernnnnos
1834 2543 1905 2611 apud
1928 2543 2056 2612 apamias
2078 2543 2223 2595 (irruerunt.

597 2628 737 2684 litinensis
750 2629 882 2698 episcopi,
897 2637 924 2682 et
938 2626 1100 2681 Guillelnrus
1116 2625 1385 2681 arciridiuronusl'a-

596 2721 734 2786 tisicosis,
746 2721 831 2775 abbas
848 2722 929 2774 etiam
946 2719 1068 2774 lloisiaci
1083 2719 1317 2789 cumquibusrlam
1329 2736 1388 2773 tuo·

598 2815 705 2881 uaeiris,
723 2814 901 2883 reliquusque
916 2813 1007 2867 clerus
1021 2812 1160 2866 exercitus
1172 2811 1198 2864 in
1216 2812 1317 2865 nrontis
1337 2812 1387 2866 de·

597 2923 697 2964 scettsn
713 2915 774 2960 ente
789 2915 911 2960 castrum
928 2906 1047 2970 stabant,
1060 2903 1149 2957 induti
1161 2905 1283 2959 restibus
1306 2904 1385 2971 albia,

597 3008 625 3054 et
640 2999 721 3053 uttdrs
732 2997 847 3068 pedibus
858 3005 981 3051 tenentes
996 3005 1059 3051 autc
1070 3013 1099 3051 se
1112 3012 1234 3063 crucem,
1246 3011 1309 3050 cum
1324 2998 1387 3050 reli·

597 3092 671 3163 quiis
682 3100 852 3155 sanctorum,
865 3103 931 3142 roee
941 3087 1074 3141 altissima
1088 3099 1115 3141 et
1128 3087 1306 3141 devotissima
1318 3102 1386 3139 can-

597 3189 704 3254 tabant,
729 3185 804 3250 l'crri,
827 3193 932 3237 crentur
955 3182 1083 3252 Spiritus,
1106 3180 1229 3236 diuinum
1254 3181 1386 3235 auxilinm

597 3280 751 3352 flagitantes
768 3295 774 3330 :
789 3292 839 3330 nec
850 3274 937 3329 deluit
950 3273 1129 3328 exorantibus
1143 3271 1316 3339 Paracletns;
1339 3275 1386 3328 sed

598 3387 663 3427 mot
684 3379 712 3424 ut
737 3384 845 3423 uersum
872 3366 976 3437 byrnoi,
1002 3365 1116 3429 scilieet,
1141 3364 1250 3418 llostem
1275 3364 1386 3433 repellor

1437 2628 1638 2684 Gorrrcsautem
1655 2629 1760 2684 Tolosae
1781 2639 1809 2684 et
1828 2645 1922 2684 comes
1947 2630 2026 2694 l'uxi,
2051 2638 2132 2685 eraut
2156 2630 2226 2700 apud

1438 2721 1630 2777 saverdunum
1648 2742 1655 2777 ε
1671 2732 1813 2778 inurentes
1829 2733 1920 2777 autem
1937 2722 2038 2777 milites
2059 2723 2148 2776 nostri
2164 2737 2225 2776 cum

1437 2814 1608 2880 Alemannis,
1619 2814 1802 2884 properabant
1819 2830 1916 2869 rersos
1934 2813 2151 2869 Sarctuiunum:
2172 2830 2227 2884 qno

1437 2907 1543 2972 erudito,
1558 2922 1651 2962 cernes
1665 2906 1808 2963 Tolosaect
1829 2923 1923 2963 eomes
1952 2906 2021 2960 Furi
2052 2905 2182 2977 ingerunt
2209 2921 2224 2959 a

1439 3001 1597 3054 Sai’rrduoo
1617 2998 1729 3068 :sicque
1744 2999 1803 3052 siue
1814 3000 1970 3054 conditione
1981 3000 2021 3053 tel
2036 2997 2225 3069 pngnalnger·

1438 3107 1541 3146 rannus
1557 3091 1727 3160 reeuanrarit
1741 3088 1939 3144 Sarerdunnm.

1473 3181 1542 3235 lium
1559 3182 1616 3235 inec
1630 3191 1784 3251 agerentur,
1798 3197 1890 3236 eomes
1903 3191 1995 3236 noster
2006 3197 2069 3236 enm
2083 3194 2134 3236 sno
2148 3194 2224 3235 cuer·

1437 3274 1491 3329 citu
1511 3271 1672 3326 alloisiaco
1687 3273 1824 3337 vernetum
1842 3283 1869 3326 ct
1893 3285 2043 3326 comesset
2067 3286 2153 3342 prope
2176 3271 2225 3325 Sa-

1437 3366 1603 3431 rerdurmnr,
1621 3365 1678 3435 ipsc
1691 3365 1739 3418 irit
1754 3365 1893 3434 Apinius,
1909 3365 1955 3419 ubi
1970 3373 2049 3419 eraut
2059 3365 2222 3430 alcoranum

598 3465 714 3534 louqiur,
738 3462 817 3517 tertio
833 3467 985 3531 repetentes
1001 3458 1182 3526 inceperunt,
1196 3458 1317 3512 exterriti
1336 3456 1386 3511 ad·
1437 3459 1647 3514 exercitnsrero
1660 3457 1779 3527 perrexit
1790 3456 1989 3511 Sarerduuum.
2012 3455 2113 3511 Comes
2133 3465 2223 3511 autern

598 3555 712 3610 versarii
723 3553 852 3607 diuinitus
868 3561 895 3606 et
909 3549 1021 3619 repulsi,
1032 3548 1153 3603 dimissis
1166 3548 1338 3611 barbacanis,
1352 3547 1386 3600 ari
1400 3515 1421 3571 c
1437 3566 1581 3605 ussurueus
1595 3549 1771 3612 alemannos,
1784 3547 1916 3617 equitavit
1930 3556 1992 3601 aute
2004 3554 2127 3601 castrum
2143 3545 2223 3610 Furi.

598 3655 720 3702 castrum
738 3645 933 3715 conlegerunt,
946 3657 1030 3711 seque
1044 3642 1115 3694 intra
1128 3656 1270 3695 murorum
1298 3638 1387 3692 antid·
1438 3643 1540 3698 prinde
1565 3641 1693 3695 reiliitati
1721 3640 1883 3703 exereitum,
1900 3639 1947 3708 qni
1972 3646 2124 3692 recesserat
2141 3654 2157 3691 a
2174 3636 2224 3691 Sa·

1437 3736 1569 3798 verduno,
1591 3741 1617 3788 et
1639 3739 1796 3802 perrexerat
1818 3730 1853 3784 ari
1877 3730 2073 3799 Altarrrripaur;
2099 3730 2223 3785 homines

636 3833 738 3891 interea
751 3831 1053 3905 lmrgensesenjusdam
1069 3829 1151 3884 castri
1166 3828 1387 3884 comitis'lolosm
1438 3836 1529 3881 auttno
1544 3825 1679 3893 lituripae
1693 3839 1707 3877 a
1722 3823 1791 3878 lucie
1804 3838 1898 3878 cotom
1912 3821 2050 3892 ingerant,
2075 3831 2103 3876 ct
2113 3822 2223 3877 dimise·

599 3930 672 3999 quod
690 3929 843 3999 proxinrum
864 3936 934 3994 erat,
952 3936 979 3980 et
994 3925 1276 3980 rocabatnreustrum
1305 3924 1387 3980 Sara·
1437 3927 1500 3973 rant
1515 3929 1635 3973 castrum
1652 3931 1788 3981 racuum;
1813 3929 1906 3969 eomes
1921 3924 2012 3968 autem
2033 3915 2154 3969 munirit
2178 3930 2222 3970 ca·

599 4038 709 4086 cenum,
727 4029 863 4074 uenerunt
876 4020 908 4073 ud
928 4019 1060 4073 ronritem
1078 4026 1202 4072 nostrum
1218 4027 1246 4071 et
1262 4018 1386 4072 reddide—
1438 4022 1524 4067 strum
1540 4012 1684 4080 Aitaeripce,
1698 4011 1763 4080 quia
1777 4024 1825 4079 per
1843 4010 1908 4064 illud
1923 4023 1990 4064 suos
2005 4024 2100 4065 arcere
2121 4015 2224 4081 poterat

597 3752 656 3797 tum
671 3742 874 3796 concluserunt.

598 4125 666 4170 runt
680 4116 832 4169 cicestrum
846 4113 911 4167 iilud
928 4131 934 4166 :
951 4114 1024 4167 misit
1038 4113 1118 4167 etiarn
1135 4111 1386 4167 cornesGuidonem

600 4208 711 4261 iratrem
728 4223 820 4274 suum,
835 4215 863 4260 et
876 4206 1004 4260 comitem
1021 4202 1183 4259 iialduirnnn
1205 4202 1317 4257 iratrem
1337 4219 1386 4257 co·

601 4299 675 4354 mitis
685 4296 803 4362 Tolosae,
819 4306 847 4351 ct
862 4298 930 4351 alios
948 4296 1048 4349 milites
1062 4293 1095 4348 ad
1111 4295 1184 4349 :uliud
1200 4305 1320 4349 rastrum
1337 4310 1386 4348 no·

600 4391 665 4455 bile,
691 4391 765 4462 quod
787 4400 845 4444 erat
868 4389 976 4443 comitis
994 4386 1111 4453 Tolosae,
1133 4387 1238 4441 distans
1265 4387 1387 4457 quinque

600 4483 689 4553 leugis
707 4499 722 4535 a
738 4481 847 4548 Tolosa,
860 4497 942 4550 snper
962 4479 1130 4533 Garumnam
1158 4481 1269 4550 ilutirnu
1290 4481 1386 4543 situm,

600 4577 712 4630 nourine
739 4572 911 4638 i'errinrnun;
950 4572 1075 4626 bomiues
1111 4581 1201 4625 autern
1233 4576 1316 4626 castri
1350 4571 1384 4623 il-

1438 4104 1573 4170 inimieos‚
1588 4103 1733 4158 eratenim
1748 4102 1830 4157 sitnm
1844 4101 1914 4156 inter
1923 4101 2052 4156 Tolosam
2065 4110 2094 4156 ct
2103 4101 2221 4157 antam.

1437 4194 1486 4249 liis
1499 4197 1592 4267 gestis.
1608 4194 1751 4265 proposuit
1764 4207 1857 4248 corrues
1868 4193 1997 4247 iuraderc
2009 4202 2114 4248 terram
2139 4195 2223 4251 couri·

1437 4287 1473 4342 tis
1486 4286 1859 4356 Cuoreuarum,uerritqnead
1868 4286 2220 4358 castrumquodriam,quod

1437 4388 1496 4433 erat
1506 4393 1589 4447 prope
1601 4376 1740 4441 Tolosam,
1753 4377 1867 4431 nornine
1892 4375 2053 4443 iiur·ellum;
2067 4388 2130 4432 erat
2152 4379 2221 4434 cuitu

1438 4481 1558 4526 castrum
1574 4471 1639 4525 iilud
1654 4469 1885 4534 arrtoeuissimum,
1898 4483 1978 4538 super
1987 4467 2160 4524 Garumnam
2175 4470 2222 4524 llo·

1438 4567 1512 4619 rium
1525 4565 1618 4619 situm.
1634 4561 1703 4616 Com
1717 4569 1809 4616 autern
1826 4562 2111 4631 appropinquaremus
2133 4572 2222 4617 casua

600 4668 655 4723 iius
680 4668 740 4722 sine
766 4666 922 4720 conditione
945 4667 1036 4734 aliqua
1073 4665 1248 4720 reddiderunt
1277 4681 1307 4719 se
1340 4680 1387 4718 cu-
1437 4652 2222 4723 iiurelli,iromioeseastritirneotesaiaeienostra,lu·

602 4760 661 4814 miti
689 4768 798 4823 nostro;
827 4759 953 4812 similiter
978 4770 1068 4812 autem
1093 4758 1184 4811 omniu
1213 4758 1239 4810 in
1270 4759 1385 4812 circuitu
1438 4749 1756 4823 gerantetintrareruut
1783 4746 2000 4803 Tolosarazsed
2014 4747 2172 4818 etquidem
2190 4762 2221 4802 ex

602 4864 694 4908 castra
719 4871 747 4908 se
768 4853 954 4919 reddiderunt,
984 4861 1097 4922 rextepto
1123 4870 1189 4918 nno,
1217 4853 1290 4923 quoti
1315 4855 1386 4908 dici·
1401 4875 1424 4931 Ι)
1439 4845 1516 4916 ipsis,
1528 4844 1554 4896 1¹¹
1570 4840 1771 4912 i>0¹¹l⁰fflfflsiii
1783 4840 1829 4910 qui
1845 4849 1904 4893 etti
1919 4840 2026 4909 ligneus
2052 4847 2080 4894 et
2092 4839 2221 4910 longissi-

601 4957 646 5000 tur
666 4946 889 5000 liuns-:libanus
916 4945 1228 5015 Audientesiturgeuses
1251 4944 1385 5012 lloisluei,
1438 4952 1500 4990 ntus
1515 4951 1596 5004 snper
1611 4933 1791 4997 Garumnam.
1809 4947 1857 5001 per
1870 4946 1950 5003 quem
1970 4933 2091 4986 transite
2105 4932 2222 4987 tlelteita·

600 5036 675 5105 quod
690 5037 812 5098 castella,
828 5052 889 5104 quar
905 5036 931 5087 iu
947 5036 1160 5097 circuituerunt,
1171 5050 1201 5088 se
1214 5035 1387 5089 reddiderunt
1438 5045 1510 5095 mus,
1522 5030 1611 5098 ignem
1623 5028 1767 5083 miserunt.
1782 5025 1852 5080 Cum
1865 5025 2040 5080 venissemus
2060 5025 2148 5096 igitar
2161 5033 2222 5080 ante

601 5129 696 5184 contiti
713 5138 822 5191 trostr·o;
841 5127 963 5181 ridentes
988 5128 1069 5199 etium
1087 5127 1160 5197 quod
1187 5128 1314 5183 resistere
1331 5143 1387 5181 nou
1438 5131 1569 5187 castrum,
1581 5128 1617 5185 et,
1630 5129 1711 5189 ponte
1720 5117 1873 5182 combusto,
1885 5131 2089 5185 nonpossemus
2098 5118 2127 5171 iu
2136 5119 2222 5188 ipsunt

604 5219 739 5279 rulebunt,
756 5218 890 5270 irriserunt
901 5218 934 5269 uri
950 5217 1078 5269 comitem
1095 5217 1265 5285 postulantes
1279 5230 1385 5285 pacem;
1437 5214 1550 5278 intrare,
1565 5227 1657 5267 comes
1669 5220 1696 5266 et
1710 5211 1802 5280 plures
1813 5208 1847 5263 de
1862 5210 1964 5263 nostris
1986 5209 2131 5265 mittentes
2144 5226 2175 5266 se
2196 5211 2222 5264 iu

600 5309 724 5380 cogitans
739 5317 830 5362 antem
846 5324 950 5372 eomes,
961 5308 1032 5377 quod
1044 5318 1102 5362 erat
1112 5308 1201 5362 adbuc
1216 5307 1283 5361 satis
1306 5307 1386 5373 loric,

601 5417 653 5455 nec
666 5410 773 5470 poterat
784 5400 844 5468 capi
859 5400 896 5463 ri,
913 5401 973 5453 sine
991 5401 1076 5452 multa
1092 5409 1251 5453 nostrorum
1275 5397 1387 5452 interle-

600 5496 691 5550 ctione
702 5510 709 5559 ;
721 5494 863 5546 attendens
879 5491 961 5545 etiam
976 5493 1049 5560 quod
1071 5491 1093 5546 si
1110 5499 1253 5560 caperetur
1278 5491 1316 5555 ri,
1338 5490 1385 5542 de-

602 5594 753 5642 strueretur
765 5585 827 5638 tilia
840 5601 899 5652 qnae
911 5586 1011 5652 optima
1026 5594 1083 5637 erat
1102 5593 1129 5636 et
1152 5583 1263 5652 propria
1291 5597 1388 5636 mona·

601 5679 728 5734 chorum.
745 5676 846 5732 iideus
859 5677 970 5744 insuper
981 5677 1055 5745 quod
1072 5692 1169 5732 omues
1193 5678 1239 5746 qui
1256 5677 1283 5730 io
1296 5684 1387 5730 castro

601 5779 681 5827 erant
696 5772 797 5840 pariter
814 5770 968 5834 interirent,
982 5769 1052 5823 dnn
1064 5770 1110 5824 tali
1134 5771 1291 5825 conditione
1315 5769 1386 5822 reei-

603 5873 677 5933 peret
693 5863 765 5928 illos,
782 5865 804 5917 si
820 5862 957 5933 ruptarios
981 5865 1041 5918 illos
1064 5874 1091 5918 et
1107 5879 1204 5918 onmes
1226 5863 1273 5930 qni
1303 5875 1387 5915 eausa

603 5956 765 6014 munitionis
774 5959 857 6013 castri
873 5969 1002 6013 uenerant
1012 5956 1132 6012 aTnlusa
1144 5957 1281 6009 traderent
1293 5955 1319 6008 in
1330 5970 1387 6008 nra-

603 6065 657 6103 nns
675 6051 751 6119 ejns;
772 6052 823 6122 ipsi
840 6052 952 6122 iusuper
964 6052 1090 6122 jurarent
1105 6064 1187 6119 super
1210 6058 1385 6101 sacrosancta

603 6143 747 6214 liruqcba
758 6145 829 6216 qoud
841 6162 894 6200 non
905 6146 1095 6216 inqrngoarent
1104 6142 1137 6200 tle
1145 6150 1242 6198 celero
1250 6138 1386 6198 Christia-

1437 5319 1548 5375 aquam,
1559 5321 1620 5373 qum
1630 5303 1765 5372 profunda
1777 5311 1836 5356 crat
1846 5312 1872 5355 et
1885 5300 1983 5365 talida,
1998 5302 2122 5359 rrousinc
2131 5301 2221 5373 gratur

1437 5396 1559 5468 periculo
1569 5395 1751 5459 transierunt,
1763 5393 1900 5448 exercitus
1915 5402 2005 5445 autem
2018 5391 2080 5447 lixit
2108 5395 2221 5450 tentoria

1437 5492 1505 5547 citra
1516 5504 1631 5559 aquam:
1646 5489 1737 5542 statim
1750 5501 1865 5541 currens
1878 5501 1970 5540 coines
1981 5500 2046 5540 cum
2059 5485 2222 5555 quibusdan

1438 5585 1496 5638 suis
1509 5582 1542 5637 ad
1556 5586 1676 5651 pontem,
1692 5580 1783 5650 ignem
1796 5595 1858 5633 eum
1881 5579 1968 5633 rrrrrlto
1995 5577 2102 5633 labore,
2118 5580 2222 5633 exstiu

1438 5684 1561 5741 xerunt,
1590 5676 1737 5742 statimqne
1767 5682 1840 5727 tauta
1875 5670 2043 5726 abundantia
2062 5686 2144 5740 aquae
2167 5671 2223 5742 pin·

1437 5769 1516 5823 vialis
1531 5769 1621 5837 erupit
1636 5767 1758 5835 adeoque
1772 5781 1844 5836 aqna
1858 5765 1987 5834 praedieta
2002 5766 2129 5819 excrevit
2151 5763 2220 5834 qnod

1437 5876 1519 5916 nemo
1532 5863 1591 5916 sine
1609 5859 1683 5929 graui
1699 5859 1815 5928 propriae
1826 5858 1888 5912 ritae
1903 5855 2025 5927 periculo
2037 5857 2221 5927 potentinum

1437 5955 1564 6008 transire.
1577 5951 1695 6021 Vespere
1708 5959 1798 6006 autem
1825 5948 1908 6014 iacto,
1933 5948 2031 6004 ridens
2056 5951 2161 6009 nobilis
2179 5964 2221 6007 ea·

1438 6061 1506 6110 mes,
1519 6046 1591 6115 quod
1606 6044 1663 6099 lere
1674 6058 1770 6100 omnes
1785 6044 1887 6099 milites
1907 6053 1934 6101 et
1947 6044 2077 6101 fortiores
2090 6046 2221 6102 exercitus

1438 6150 1610 6200 trarrsenutes
1629 6157 1679 6212 per
1694 6156 1794 6215 aquarn
1809 6142 1959 6199 intrassent
1971 6148 2109 6210 castrum,
2124 6141 2219 6214 pedite:-
