5125 7059
340 709 395 766 ddi
983 706 1099 764 LUDUS
1116 706 1319 765 PASCssALlS.

516 1093 644 1158 LUDUS
670 1090 889 1154 anserinus
919 1089 973 1149 DE
995 1086 1185 1150 auvnttttt
1215 1090 1266 1151 ET
1299 1088 1490 1153 inueniat]
1514 1089 1786 1156 curtenntstt.

382 1459 525 1532 Templum
541 1457 662 1521 Domini,
677 1464 706 1513 ct
720 1460 824 1527 scptcrn
848 1452 927 1510 sedes
949 1449 1053 1523 regales
1075 1448 1169 1516 nri-A
1252 1452 1378 1519 usnimais
1392 1466 1432 1509 est
1442 1457 1487 1522 aai
1500 1457 1583 1510 credit
1597 1457 1685 1522 aliter,

343 1569 423 1610 muru
433 1553 604 1607 collocentur
626 1548 655 1604 in
682 1549 757 1603 bunc
785 1545 916 1602 modurn:
940 1544 974 1600 ad
998 1543 1130 1598 orientem
1255 1542 1502 1601 llurrcdaorrarnus
1513 1549 1685 1604 oetmnaiitrr.

344 1647 479 1715 temptum
494 1640 620 1710 llonrini;
636 1640 700 1697 buic
712 1639 884 1696 collocantur
896 1635 976 1693 sedes
991 1634 1062 1704 reris
1074 1632 1132 1688 ilie·
1216 1631 1349 1690 Ascendit
1363 1644 1454 1692 autent
1481 1640 1542 1708 ioan
1563 1651 1627 1695 cnut
1653 1640 1813 1709 Apostolico
1836 1643 1967 1707 stetero,

345 1739 549 1809 rosolyrnoruni
564 1743 590 1789 et
608 1734 688 1790 sedes
708 1733 869 1803 synagogae.
893 1727 935 1785 Ad
962 1726 1133 1783 occidentem
1184 1724 1357 1794 incentore,
1369 1735 1397 1784 et
1411 1730 1509 1785 utilitia
1523 1733 1707 1788 suaeunrdent
1729 1735 1868 1791 thronum.
1883 1734 1967 1790 Post·

346 1830 429 1887 sedes
448 1828 622 1900 intpcratoris
644 1825 852 1892 Romanorum
872 1823 937 1878 huic
964 1820 1134 1875 collocantur
1183 1831 1216 1872 ca
1239 1819 1392 1887 procedunt
1407 1831 1434 1876 ct
1460 1823 1508 1878 alii
1525 1839 1603 1894 reges
1625 1839 1688 1881 curn
1712 1827 1810 1881 militia
1832 1842 1882 1883 sua
1904 1843 1971 1882 con·

347 1923 430 1979 sedes
444 1923 519 1992 rogis
537 1919 769 1977 Tbcotonicorurn
784 1926 812 1973 et
828 1916 908 1972 sedes
930 1911 1135 1986 regisl'ranco·
1184 1919 1276 1969 tantcs
1297 1913 1399 1984 singuli
1422 1916 1496 1987 quod
1513 1919 1680 1975 conueniens
1703 1920 1794 1976 uisum
1822 1920 1916 1978 luerit.
1937 1921 1971 1977 tlt

346 2031 421 2070 runi.
437 2014 480 2068 dd
494 2019 618 2067 austrum
635 2012 715 2067 scdes
730 2003 1038 2081 regisGraecoruru.nd
1052 2002 1136 2058 meri·
1185 2002 1227 2059 sic
1244 2005 1437 2077 unusquisque
1455 2022 1519 2064 cunr
1543 2009 1639 2064 militia
1664 2026 1714 2067 sua
1743 2011 1872 2068 ascendet
1894 2013 1971 2067 tlrro·

346 2107 422 2163 diem
433 2106 513 2161 sedes
525 2105 599 2175 reris
613 2102 769 2174 Babyloniae
784 2107 811 2156 et
824 2098 1002 2156 Gentilitatis.
1025 2094 1075 2150 liis
1097 2094 1135 2149 ita
1184 2112 1252 2153 nuni
1266 2112 1359 2164 suuni,
1376 2101 1478 2171 templo
1490 2101 1580 2159 adbuc
1594 2110 1621 2160 et
1635 2120 1690 2159 uno
1704 2106 1806 2161 throno
1821 2105 1916 2161 uacuis
1927 2120 1971 2160 re-

346 2199 483 2255 ordinatis
497 2198 587 2269 ortuo
607 2196 737 2270 procedat
751 2194 897 2252 Gentilitas
924 2206 988 2247 curn
1002 2204 1067 2261 rege
1083 2187 1135 2243 Ba·
1184 2185 1371 2243 manentibus.
1390 2186 1468 2244 'lunc
1489 2190 1640 2261 imperator
1658 2195 1752 2264 dirigit
1772 2195 1885 2251 nuntios
1905 2210 1972 2252 suos

347 2294 466 2366 mom
482 2300 619 2349 muns:
1185 2277 1220 2427 Ed
1235 2279 1359 2350 singulos
1374 2294 1462 2352 reges,
1475 2288 1503 2337 et
1518 2284 1607 2353 primo
1631 2286 1666 2340 ad
1687 2301 1778 2356 rcaern
1800 2286 1971 2342 Francorum

1206 2388 1280 2430 icens
1293 2393 1301 2430 ι

422 2427 536 2481 Deorum
551 2425 740 2480 immortalitas
750 2432 790 2479 est
805 2422 925 2478 omnibus
937 2418 1058 2482 colenda,

418 2517 520 2573 Eorum
533 2528 558 2572 et
573 2515 716 2587 pluraliter
731 2513 827 2586 ubique
838 2510 987 2568 metuenda.

420 2610 504 2665 Stulti
516 2618 588 2672 sunt,
601 2619 627 2665 ct
637 2625 695 2664 rere
707 2608 787 2678 fatui,
796 2605 929 2678 quibeun
943 2619 1025 2658 unum
1035 2601 1136 2656 dicunt.

420 2699 491 2765 Quia
505 2699 673 2769 antiquitatis
687 2698 752 2752 ritui
761 2705 891 2767 perpetuen
907 2693 1101 2750 contradicunt.

420 2794 452 2848 Si
461 2793 531 2846 enim
542 2808 623 2845 unum
639 2789 781 2857 credimus,
796 2789 843 2860 qui
854 2787 948 2857 presit
961 2785 1101 2848 uniuersis,
1152 2801 1175 2862 B

421 2883 575 2955 subjectum
584 2885 653 2939 nunc
659 2882 827 2938 concedimus
837 2881 971 2937 contrarie
980 2879 1100 2935 diuersis.

421 2979 561 3035 cumhinc
574 2977 671 3032 ionum
682 2977 755 3048 pacis
766 2977 852 3046 [occat
859 2975 981 3030 clementi
994 2974 1102 3043 pietate.

421 3071 493 3126 Hinc
506 3070 568 3125 belli
578 3069 708 3124 tumultus
723 3077 825 3123 morem
836 3082 907 3122 scra
919 3064 1085 3121 crudelitate.

422 3161 468 3218 Sic
484 3160 570 3216 multa
584 3169 646 3216 sunt
663 3160 759 3230 officia,
774 3159 929 3228 diversaque
941 3156 1060 3219 deorum

423 3257 490 3323 Quc
500 3254 577 3311 nobis
587 3265 650 3312 sunt
661 3254 761 3310 indicia
773 3254 935 3312 discriminis
947 3268 1050 3308 corum.

1256 2466 1333 2523 Sicut
1346 2469 1445 2536 scripta
1460 2469 1568 2525 tradunt
1582 2471 1853 2542 nistorioaraolrorum

1258 2559 1340 2615 Totus
1351 2561 1464 2618 mundus
1480 2563 1568 2632 r'uerat
1582 2565 1664 2633 fiscus
1679 2564 1871 2622 itomanorum.

1259 2651 1318 2707 lior
1332 2655 1481 2723 primorum
1499 2657 1645 2711 strenuitas
1658 2655 1815 2722 elaborauit,

1257 2748 1310 2804 Sed
1324 2757 1492 2816 posterorum
1505 2748 1610 2806 desidia
1624 2749 1775 2819 dissiparit.

1257 2838 1366 2895 Scibis
1383 2841 1487 2910 imperii
1497 2839 1604 2911 uttam
1614 2851 1654 2897 est
1666 2850 1799 2912 potestas,

1259 2934 1349 3000 Quam
1362 2943 1461 2989 nostru
1472 2935 1564 3004 repetit
1574 2935 1699 3004 potentiue
1710 2935 1848 3004 majestas.

1259 3111 1339 3168 Nunc
1353 3113 1473 3170 Romana
1483 3115 1588 3171 soleant
1603 3117 1712 3185 imperio
1724 3117 1834 3174 tributa.

1259 3203 1312 3261 sec
1323 3205 1393 3276 quod
1401 3207 1428 3262 ir
1443 3208 1541 3264 militia
1556 3208 1626 3264 ualet
1635 3225 1697 3280 qens
1710 3207 1887 3277 Francorum,

1258 3297 1350 3354 Armis
1365 3298 1476 3368 irnperio
1490 3315 1538 3355 rec
1550 3301 1648 3355 semiat
1662 3316 1764 3358 eorum.
1840 3318 1844 3330 ·

423 3348 478 3414 Qui
495 3349 577 3418 iqitur
591 3355 647 3401 tam
657 3346 815 3418 multifariis
822 3346 1002 3400 unumdicsut
1016 3358 1139 3413 arcesse,

425 3440 539 3495 illorum
549 3440 692 3495 contrariis
707 3448 746 3495 est
755 3439 823 3510 affici
838 3455 951 3495 messe.

424 3530 467 3587 Ne
480 3548 542 3603 crac
554 3547 642 3586 unum
651 3531 748 3599 subjici
761 3532 905 3587 contrariis
915 3530 1048 3595 dicemus,

425 3620 461 3679 Et
474 3623 516 3678 liis
531 3623 649 3678 diuinam
662 3622 730 3693 affici
738 3632 865 3676 naturam
877 3619 1063 3678 manu.

427 3716 539 3772 Ratione
549 3715 601 3770 trac
612 3714 777 3771 decernimur
787 3722 850 3769 aeos
864 3712 1063 3776 discriminare,

426 3808 518 3879 Officia
528 3823 640 3878 quorum
648 3807 780 3861 cernimus
793 3805 827 3860 ab
842 3804 952 3859 inritent
967 3802 1081 3858 distare.

390 3924 469 3993 Quod
483 3923 568 3979 etiarn
583 3922 664 3979 debet
680 3920 788 3977 cantari
812 3934 863 3991 per
885 3926 972 3975 toturn
993 3915 1088 3972 tadum
1112 3913 1141 3969 in

353 4012 579 4089 emporitanus
592 4014 634 4072 sic
647 4014 707 4087 ipsa
719 4020 747 4071 et
756 4027 806 4070 rex
822 4011 979 4084 babyloniae
989 4007 1142 4065 ascendunt

355 4113 385 4166 in
401 4110 492 4167 sedem
508 4123 598 4164 suain.
614 4108 692 4165 Tunc
704 4107 830 4178 ucqrdtur
845 4102 989 4179 synagoga
1005 4117 1068 4161 curu
1091 4099 1177 4199 luc

356 4201 425 4258 daeis
437 4211 554 4259 canmns
567 4221 574 4258 :

428 4310 534 4367 Nostra
545 4311 619 4367 salus
632 4310 661 4365 in
673 4319 708 4374 te,
724 4307 849 4374 dominu

1259 3388 1331 3444 flaui
1344 3398 1373 3444 ut
1387 3390 1522 3446 bominum
1536 3407 1596 3446 cum
1610 3390 1739 3462 fidelitate

1260 3479 1346 3538 Nobis
1357 3481 1384 3537 in
1397 3485 1517 3553 proximo
1532 3485 1633 3555 samm,
1649 3486 1785 3554 imperate.

1225 3570 1295 3628 Turn
1310 3573 1390 3644 legati
1406 3573 1547 3632 uenientes
1556 3575 1591 3632 ad
1601 3590 1693 3648 rogem
1702 3575 1870 3633 Francorum
1883 3592 1978 3636 corani

1190 3682 1224 3724 eo
1237 3675 1351 3723 cantent
1366 3683 1373 3719 :

1262 3759 1383 3816 Salutem
1394 3761 1506 3816 mandat
1520 3763 1665 3832 imperator
1679 3762 1859 3820 Romanorum

1262 3851 1365 3908 Dilecto
1377 3870 1425 3910 suo
1442 3853 1541 3924 inclyto
1553 3855 1609 3926 reni
1623 3853 1791 3911 Francorum

1263 3943 1328 4000 Tuoe
1340 3946 1493 4002 discretioni
1505 3955 1598 4002 notum
1610 3946 1787 4012 sciamusne,

1264 4035 1342 4102 Quod
1353 4036 1473 4092 Romano
1482 4037 1542 4108 juri
1556 4049 1585 4094 tu
1599 4038 1694 4095 debeas
1711 4038 1827 4094 subesse.

1265 4124 1338 4181 onae
1351 4140 1375 4182 te
1390 4127 1483 4195 repetit
1497 4129 1628 4183 mutentis
1642 4127 1754 4184 mentia

1262 4218 1366 4273 Summi
1378 4220 1480 4288 imperii
1492 4229 1518 4276 et
1532 4237 1634 4290 semper
1646 4221 1804 4286 metuenda:

1262 4311 1346 4381 Cujus
1360 4312 1395 4366 aa
1409 4312 1545 4367 seruitium
1560 4329 1608 4368 nos
1625 4322 1651 4368 tc
1661 4314 1806 4372 innitamur

430 4401 516 4458 Nulla
529 4403 589 4458 ritoe
599 4417 659 4470 unes
670 4402 698 4456 in
711 4401 832 4465 bomine:

357 4499 445 4554 Error
457 4507 496 4553 est
508 4495 536 4550 in
556 4493 657 4551 Christi
674 4496 778 4548 nomine
800 4510 872 4564 spem
886 4492 984 4548 scistis
1003 4491 1142 4548 estimari.

429 4586 540 4650 llirum.
555 4586 580 4640 si
594 4585 675 4639 morti
684 4582 831 4652 succubuit,
883 4641 887 4650 ,

432 4679 579 4747 Quiritum
591 4676 654 4730 aliis
669 4674 773 4730 tribuit.

356 4773 413 4842 Qui
424 4787 452 4826 ue
464 4770 569 4825 salome
582 4785 635 4823 non
649 4769 746 4839 notuit,
755 4765 788 4822 ai
803 4765 852 4823 boc
858 4767 917 4838 quis
924 4775 1011 4837 potest
1024 4767 1145 4824 calcarit

431 4861 495 4917 Non
508 4863 646 4927 nomines:
661 4862 707 4934 aui
722 4869 761 4916 cst
774 4859 943 4928 Emmanuel,

430 4953 516 5008 Deum
531 4950 656 5008 adorabis
671 4951 768 5009 israel.

356 5046 453 5104 desum
467 5046 536 5101 sicut
553 5044 616 5100 deos
627 5041 727 5099 ismael
741 5053 765 5100 te
773 5043 855 5114 jubeo
869 5044 1006 5102 detestari.

1264 4404 1299 4458 Et
1310 4407 1363 4460 cito
1373 4406 1459 4460 uenire
1467 4406 1515 4461 sub
1528 4416 1658 4478 nroecepto
1668 4408 1836 4464 mandamus.

1228 4496 1333 4563 Quibus
1348 4497 1393 4553 ille
1407 4513 1415 4548 t

1266 4589 1492 4660 Historioarapbis
1505 4591 1529 4646 si
1538 4606 1592 4662 aua
1604 4589 1669 4659 fides
1684 4590 1805 4655 babetur,

1266 4681 1294 4737 N
1296 4699 1330 4736 un
1343 4699 1390 4738 nos
1407 4683 1528 4752 imperio,
1542 4682 1588 4737 scd
1598 4681 1674 4738 nobis
1685 4682 1733 4736 boe
1744 4681 1862 4737 debetur.

1268 4774 1341 4829 iliud
1354 4777 1425 4829 enirn
1437 4775 1553 4830 seniores
1568 4773 1641 4830 Galli
1655 4775 1844 4843 possederunt,

1265 4868 1623 4939 dtaucsuisposlerisnoiis
1641 4868 1812 4937 reliquerunt,

1265 4963 1319 5019 Scri
1335 4963 1384 5017 boc
1393 4961 1527 5017 invasoria
1540 4962 1566 5014 ri
1576 4975 1646 5014 nunc
1660 4958 1827 5027 spatiamur,-

1266 5055 1342 5110 Absit
1356 5050 1521 5110 invasoribus
1538 5060 1568 5106 ut
1586 5067 1634 5106 nos
1654 5046 1850 5119 obsequamur!

394 5136 516 5206 01104οῑ
531 5135 892 5208 59⁸²0²¹¹l²b5²⁸i¹¹8¹¹¹5⁵5¹¹
907 5135 1092 5208 “mimmii
1117 5145 1145 5192 0⁸
1232 5145 1302 5203 Turn
1325 5148 1406 5220 legati
1430 5147 1577 5203 redeantes
1601 5143 1637 5200 ad
1661 5145 1853 5214 imperatorem
1876 5148 1986 5196 cantent

358 5229 404 5286 sic
413 5226 546 5284 ascendat
557 5227 688 5283 thronum
702 5243 793 5284 suuni.
807 5227 886 5285 Tunc
906 5228 1028 5285 Ecclesia
1044 5228 1073 5284 in
1087 5245 1163 5285 rau-2
1197 5253 1290 5294 emm
1300 5254 1334 5295 ω
1351 5255 1359 5293 :

358 5318 444 5381 liebri
460 5320 554 5376 babitu
582 5319 706 5391 procedit
730 5321 825 5376 indata
849 5322 1001 5386 thoracem,
1021 5328 1049 5377 ct
1065 5335 1148 5378 coro·

358 5420 440 5478 usta,
455 5412 602 5468 assistente
614 5410 668 5468 sibi
679 5409 869 5467 llisericordia
883 5427 946 5468 curn
958 5413 1019 5468 oleo
1033 5411 1067 5465 ad
1080 5411 1148 5467 dcx·

1271 5331 1339 5387 Ecce
1353 5329 1453 5386 Franci
1466 5347 1545 5401 super
1558 5339 1583 5386 te
1596 5329 1709 5385 nimium
1725 5327 1790 5382 etati

1270 5420 1396 5476 Proterrc
1409 5436 1437 5476 se
1454 5429 1584 5489 cononum
1600 5430 1652 5473 tun
1667 5417 1825 5488 majestati:

360 5514 462 5570 mnam,
474 5510 502 5559 et
514 5501 626 5559 iustitia
640 5518 704 5558 curn
719 5502 790 5558 libra
805 5510 832 5561 ct
846 5503 936 5576 gladio
953 5505 988 5561 ad
1006 5505 1147 5562 sinistram
1165 5480 1187 5536 ⁰
1273 5513 1332 5568 lma
1344 5523 1370 5568 ιι
1382 5512 1485 5582 imperii
1495 5513 1533 5566 tui
1543 5511 1768 5582 jactaremur,

360 5596 492 5666 utrisque
503 5594 675 5651 muliebriter
686 5594 801 5652 indutis.
815 5594 972 5668 sequentur
993 5597 1075 5653 etiarn
1087 5611 1148 5653 earu

1271 5605 1346 5660 tuuc
1360 5605 1523 5660 invasorium
1534 5603 1598 5657 dum
1612 5603 1776 5672 affirmatur.

359 5685 540 5759 Apostolicus
557 5686 765 5743 sdestriscunr
782 5689 868 5755 clero,
892 5697 919 5746 et
932 5689 1080 5760 imperator
1093 5687 1149 5744 llo·
1269 5699 1357 5770 mm
1371 5712 1432 5767 erqo
1447 5713 1523 5767 pona
1539 5695 1651 5763 correpti
1666 5695 1838 5761 resipiscant,

360 5794 537 5836 manoruma
552 5780 674 5837 sinistris
696 5794 760 5837 corn
789 5782 898 5838 militia.
914 5782 1043 5840 Contulit
1058 5789 1150 5837 alitem

1274 5788 1309 5844 Ut
1320 5806 1367 5859 per
1376 5805 1419 5844 eos
1429 5788 1479 5843 alii
1493 5785 1596 5842 obedire
1609 5787 1726 5842 discant.

362 5871 567 5928 Ecclesiastico
582 5873 709 5938 consitio,
732 5872 777 5930 bis
794 5874 841 5946 qui
856 5890 917 5933 cam
939 5883 1092 5947 sequuntur
1115 5879 1149 5928 ad
1236 5883 1314 5939 Tunc
1330 5884 1478 5954 imperaror
1493 5887 1585 5936 cantas
1602 5899 1609 5935 :

361 5964 490 6036 singulos
503 5979 601 6022 uersus
615 5965 865 6036 respondentibus:

441 6078 504 6132 lloec
517 6090 556 6134 est
573 6081 649 6148 tides,
664 6081 835 6150 sannanim,

438 6171 471 6228 br
486 6189 538 6242 aua
549 6175 641 6230 mortis
655 6172 697 6228 ier
707 6174 805 6243 sonita.

1270 5977 1362 6032 Corda
1376 5976 1535 6031 coiectante
1549 5974 1654 6028 ruirront
1670 5973 1795 6028 exaltari.

1273 6068 1392 6136 Superba
1406 6068 1501 6123 stultos
1518 6067 1587 6138 icqni
1602 6066 1683 6121 nolite
1698 6064 1800 6121 nrirarr'.

1274 6167 1392 6234 Quorum
1408 6183 1456 6223 nos
1467 6165 1616 6237 superbiero
1633 6175 1700 6220 ccrtc
1713 6163 1896 6237 reprimemus.
