5125 7059
586 747 656 804 1055
1190 689 1196 708 ι
1222 732 1378 789 tuomum
1398 730 1536 789 SAECULl
1556 730 1611 788 llll.
2147 734 2218 791 {opp

583 864 619 919 do
632 875 719 917 maor
742 873 832 928 pacem
857 855 963 910 domino
978 865 1071 921 papir,
1085 856 1233 918 astrictasque
1247 847 1375 903 barrama
1389 852 1412 908 Λ
1427 862 1516 917 regem
1533 845 1631 900 litteris
1654 844 1712 899 suis
1734 850 1836 907 nrorret,
1850 850 1877 897 et
1893 842 1990 898 irrritot
2011 842 2040 900 in
2062 844 2140 901 bunc
2160 862 2216 904 mo-

584 954 721 1017 flooloeiae,
732 958 758 1004 et
771 948 901 1012 omnibns,
913 947 958 1017 pai
971 947 998 999 in
1007 952 1082 1015 parte
1096 941 1170 996 illins
1185 940 1303 1002 semmel
1315 940 1373 1009 lac·
1426 935 1491 991 duan
1508 952 1513 984 ε
1533 933 1630 988 bucias
1642 935 1787 1003 episcopas,
1799 947 1888 987 serora
1897 946 2032 986 sernarsrn
2044 931 2108 997 Dei,
2122 933 2217 990 dilecte

504 1084 506 1089 .
582 1049 664 1105 rant,
677 1048 702 1095 et
718 1021 852 1109 inputari
868 1044 962 1090 sancta
978 1033 1098 1089 Romana
1115 1028 1235 1084 Ecclesia
1252 1031 1374 1098 postula·
1425 1028 1481 1098 silio
1495 1024 1637 1080 Cbanrado
1657 1024 1834 1079 Rornanorum
1856 1025 1909 1094 real
1927 1024 2039 1089 illustri,
2062 1024 2180 1081 salutern
2193 1038 2217 1083 et

582 1134 659 1196 ecrit,
675 1129 790 1201 poetria
798 1127 908 1198 jurabo.
923 1125 1032 1182 Litterae
1044 1122 1144 1180 calixti
1160 1138 1253 1194 papo),
1270 1121 1299 1176 in
1312 1125 1375 1191 qui·
1425 1119 1598 1189 apostolicam
1611 1117 1825 1173 benedictionem.
1841 1135 1850 1169 s
1871 1117 1954 1172 Omne
1966 1116 2064 1172 datam
2076 1119 2215 1187 optimam,

583 1221 635 1277 bus
649 1234 729 1276 uersa
740 1219 800 1273 vioe
820 1216 927 1272 remisit
945 1215 998 1272 sibi
1013 1212 1161 1269 electiones
1183 1213 1374 1283 episcoporum
1423 1220 1449 1264 et
1460 1207 1951 1277 emitedonnmpersecraor,desarsanr
1960 1217 2027 1272 esni
2040 1206 2215 1277 etc.(lac.rl.

584 1309 729 1368 Teutonici
748 1309 826 1381 regni
839 1305 1073 1364 inbuncmodurn
1088 1321 1097 1359 r
1114 1303 1171 1374 Eoo
1185 1303 1308 1357 Collatus
1324 1303 1376 1371 epi·
1425 1299 1629 1371 Populusenim
1645 1298 1785 1354 Romanus
1801 1297 1917 1354 insaniae
1933 1314 1990 1354 suae
2011 1307 2103 1355 metas
2116 1313 2217 1369 ponere

584 1418 677 1472 scopm
687 1441 696 1467 ,
707 1419 797 1458 serras
811 1417 946 1456 serrorum
962 1397 1031 1463 liei,
1047 1397 1142 1453 dilecto
1155 1396 1213 1466 filio
1228 1411 1277 1449 rao
1293 1393 1376 1447 licin-
1425 1407 1481 1449 non
1496 1392 1602 1457 volens,
1629 1390 1814 1456 senatoribus,
1836 1403 1907 1459 nuos
1934 1397 1998 1445 ante
2023 1390 2215 1455 instituerant,

584 1493 651 1557 rico,
666 1492 716 1547 Dei
727 1492 816 1563 pratia
830 1486 1172 1557 Romanoromirnperatari
1182 1486 1304 1555 Aspicito
1313 1499 1376 1537 rort-
1425 1482 1573 1537 Patricium
1599 1481 1749 1550 adjiciunt,
1782 1489 1866 1550 atoue
1892 1479 1926 1535 ad
1954 1479 2027 1536 bano
2054 1479 2216 1553 dignitatern

584 1582 647 1636 cedo
668 1581 805 1636 electiones
829 1578 1010 1646 episcoporum
1039 1585 1064 1630 et
1090 1573 1217 1629 aliatum
1241 1573 1376 1627 Teutonici
1426 1573 1498 1630 Petri
1517 1573 1617 1629 boonis
1639 1571 1722 1626 lilium
1746 1569 1893 1627 lordanem
1917 1571 2062 1642 clipeatos,
2076 1574 2214 1628 amnesci

583 1672 676 1744 repni,
694 1671 740 1741 qni
757 1670 792 1724 ad
806 1684 913 1739 repnam
928 1677 1004 1721 taam
1023 1666 1169 1735 pertinent,
1191 1664 1375 1732 inpraesentia
1426 1678 1556 1740 nonquam
1576 1666 1695 1737 principi
1713 1664 1908 1732 subjiciuntur.
1934 1663 2039 1721 ΙΙεΙιιιΙι
2059 1665 2216 1736 pontilleern

421 1765 425 1779 '
530 1786 533 1790 ⁴
585 1772 632 1817 ιιι
646 1763 706 1832 fieri
722 1761 818 1829 aisque
832 1758 954 1814 Simonis
970 1766 1014 1822 ,et
1030 1755 1123 1827 aliona
1138 1756 1282 1816 uiolentia:
1298 1764 1336 1818 ut,
1352 1755 1376 1808 si
1426 1776 1507 1817 soum
1526 1760 1637 1823 adeunt,
1652 1771 1686 1811 ac
1704 1757 1796 1812 omnia
1816 1755 1919 1826 regalia
1938 1755 2000 1825 ejus
2019 1762 2079 1810 um
2099 1756 2129 1811 in
2148 1755 2217 1811 Urbe

584 1870 638 1925 qna
653 1854 722 1907 inter
734 1860 824 1920 partes
838 1848 973 1905 discordia
982 1849 1129 1911 emerserit,
1143 1846 1341 1914 metropolitani
1350 1853 1375 1898 ει
1426 1867 1509 1923 quom
1524 1858 1601 1906 extro
1615 1850 1714 1918 posita
1730 1846 1765 1902 ad
1784 1847 1832 1918 jus
1856 1845 1968 1902 lanicii
1987 1847 2032 1903 sai
2055 1855 2215 1918 reposcunt,

585 1942 845 2013 comprovincialium
859 1940 970 1996 consilio
984 1979 992 2004 ,
1004 1948 1029 1994 et
1043 1939 1165 2009 judicio,
1186 1938 1287 1993 saniori
1302 1937 1374 2005 parti
1426 1944 1571 2015 ipsumque
1582 1955 1663 1998 ,soum
1674 1937 1828 2008 pontificem
1844 1925 1921 1993 moro
1934 1938 2114 2008 ooilqoorom
2126 1953 2218 1994 gom.

585 2050 723 2090 assensum
742 2046 767 2088 et
792 2033 923 2087 ancilium
947 2030 1201 2100 preaeminent
1222 2039 1310 2084 autern
1324 2045 1340 2082 a
1353 2039 1376 2083 te
1427 2035 1521 2091 dorum
1535 2034 1570 2091 nlo
1584 2031 1698 2088 decimis
1712 2037 1819 2086 tantum
1844 2034 1872 2085 ot
1891 2027 2083 2085 oblationibus
2106 2037 2217 2084 oooooo.

584 2126 687 2196 repalia
700 2141 746 2193 per
760 2133 891 2190 sceptrum
906 2125 963 2177 sine
977 2122 1114 2177 exactione
1129 2122 1249 2189 recipiat,
1262 2122 1375 2188 exceptis
1427 2126 1479 2181 tori
1494 2134 1618 2196 oportere
1630 2123 1754 2178 dieentes
1769 2139 1777 2175 ι
1793 2120 1832 2174 be
1853 2118 1897 2174 die
1916 2121 2006 2191 iioqoo
2022 2121 2054 2176 io
2072 2119 2145 2176 oio.
2160 2122 2217 2175 ηε.

586 2216 719 2281 omnibus,
731 2232 790 2285 qua:
800 2215 835 2269 ad
849 2214 999 2270 Ronlanum
1014 2212 1163 2267 Ecclesiam
1180 2213 1310 2280 pertinere
1328 2228 1377 2264 no·
1392 2193 1414 2248 B
1428 2234 1501 2272 moni
1510 2217 1579 2286 jacti
1592 2215 1705 2286 afflipere
1719 2231 1771 2269 non
1785 2216 1942 2280 timuerant,
1954 2221 2009 2270 etc.

585 2314 705 2371 reantur,
720 2313 746 2358 et
755 2321 814 2376 qne
827 2321 860 2358 es
874 2305 914 2358 iia
924 2306 986 2374 jare
1000 2302 1138 2368 delentur,
1151 2303 1244 2372 [aciat.
1259 2302 1302 2356 lis
1315 2303 1377 2358 aliis
1463 2305 1728 2376 centumgemini
1743 2302 1787 2370 ΙΙΙ,
1800 2321 1816 2360 a
1829 2304 1929 2362 Pisana
1941 2311 2038 2368 natus,
2054 2305 2217 2362 monachus.

585 2411 645 2449 uero
661 2394 783 2464 partibas
796 2396 900 2465 imperii
921 2396 1069 2449 consecrati
1083 2396 1155 2464 inira
1169 2410 1197 2451 rr
1212 2411 1313 2450 menses
1332 2411 1378 2465 per
1430 2398 1507 2456 Sedit
1523 2413 1612 2454 annos
1626 2412 1687 2463 ιιιι,
1701 2411 1810 2453 menses
1823 2412 1861 2462 rr,
1877 2396 1937 2452 dies
1950 2410 2007 2452 xxi.
2025 2394 2076 2451 Vir
2088 2397 2221 2468 mttomm

585 2471 717 2555 sceptrum
732 2487 832 2559 repulia
848 2502 865 2540 a
883 2495 908 2540 te
918 2488 1056 2552 recipiant.
1073 2485 1112 2539 De
1125 2485 1220 2556 pariles
1234 2501 1294 2539 rero
1314 2483 1379 2538 milri
1428 2500 1455 2548 op
1466 2490 1611 2548 ooooiiiato
1625 2490 1796 2560 perspicuos,
1817 2487 1878 2560 lpoo
1892 2487 1929 2544 ob
1943 2488 2151 2559 pomooiffoopo
2167 2489 2219 2544 im.

583 2578 777 2646 querimoniam
792 2578 885 2646 feceris
897 2586 922 2631 et
938 2576 1070 2631 ancilium
1082 2577 1269 2643 postulaveris,
1285 2592 1378 2630 mean·
1428 2581 1589 2637 manitatem
1608 2593 1671 2635 eum
1690 2579 1828 2650 episeopis
1842 2586 1871 2635 et
1883 2577 2072 2634 cardinalibus
2087 2575 2165 2634 Urbe
2177 2592 2220 2633 ee·

584 2667 650 2723 dnm
665 2669 742 2739 officii
758 2669 810 2723 snei
822 2666 939 2723 deditam
954 2668 1087 2722 auxilium
1103 2668 1151 2722 tibi
1172 2668 1316 2736 praestabo.
1337 2667 1378 2722 Dc
1429 2674 1480 2736 dit,
1503 2682 1531 2729 ot
1553 2673 1581 2728 in
1598 2672 1767 2729 monasterio
1790 2669 1961 2742 Pharpbensi
1980 2684 2089 2727 moreat
2111 2678 2220 2726 mutans

587 2759 637 2814 tili
650 2775 850 2828 rerampecem,
860 2765 886 2811 et
901 2758 1092 2828 caeruleaque
1106 2761 1133 2812 in
1150 2769 1227 2829 parte
1240 2767 1288 2813 trra
1304 2770 1377 2824 curat,
1429 2773 1616 2827 ooooooroior,
1628 2771 1656 2819 oe
1677 2763 1711 2818 od
1733 2764 1838 2818 monito
1851 2764 1911 2820 loo,
1921 2777 1951 2819 oo
1963 2761 2141 2819 prouocemus
2159 2761 2220 2819 pos.

585 2848 627 2903 eel
649 2849 756 2919 sacrant
771 2857 887 2916 ternpore
910 2847 989 2916 trojae
1006 2846 1159 2904 discordie.
1185 2847 1225 2903 lta
1247 2848 1301 2905 sub
1319 2849 1379 2919 ipso
1429 2853 1538 2916 danem,
1559 2868 1591 2908 ac
1611 2867 1677 2910 suos
1697 2855 1847 2924 complices
1868 2855 2102 2911 excommunicat.
2127 2853 2221 2911 Postea

587 2941 711 2998 Ecclesia
722 2940 841 2996 libertati
855 2954 912 2995 suae
927 2939 961 2993 ad
977 2940 1087 3009 plenum
1108 2939 1277 3004 restituitur,
1288 2950 1315 2996 et
1326 2956 1379 3011 pax
1430 2962 1492 3002 enm
1507 2945 1637 3002 Romanis
1650 2959 1746 3016 pacem
1759 2943 1833 3010 lecit,
1848 2947 1886 3000 ita
1907 2952 1938 3000 ut
1951 2945 2121 3015 patriciatus
2134 2945 2222 3019 dipni·

587 3033 765 3091 reformatur.
1430 3044 1514 3092 tatem
1539 3036 1762 3103 exfestucarent,
1787 3045 1816 3094 et
1835 3035 1994 3108 praelectum
2017 3037 2047 3092 in
2074 3037 2221 3106 pristinam

623 3121 752 3179 CLllVll.
779 3121 915 3178 Honorius
943 3121 981 3189 ll,
998 3122 1045 3195 qui
1071 3129 1099 3178 ct
1123 3121 1298 3176 Lambertns.
1324 3120 1380 3173 bn·
1430 3128 1590 3197 ,lignitatem
1612 3128 1777 3198 nooipooooo
1793 3136 1935 3186 sonorem
1960 3135 2107 3194 conones,
2128 3129 2222 3200 oleoso

587 3229 640 3272 nos
651 3230 713 3270 vrri.
729 3212 790 3279 llic,
814 3213 886 3269 sicut
907 3230 989 3286 supra
1004 3213 1108 3269 dietam
1125 3221 1178 3276 est,
1201 3210 1337 3266 mediator
1352 3217 1380 3264 et
1431 3221 1458 3273 ῑῃ
1476 3218 1573 3274 urbem
1588 3219 1709 3284 rooiooo,
1720 3219 1896 3277 Nativitatem
1907 3219 2014 3274 nomem
2032 3219 2139 3276 ioloom
2151 3221 2222 3276 αις.

587 3306 693 3377 lrpatus
720 3303 794 3361 inter
816 3305 953 3361 calixtum
982 3321 1099 3377 papam,
1125 3314 1153 3361 et
1186 3304 1380 3374 imperatorem
1430 3307 1529 3372 brosii,
1550 3323 1623 3363 onero
1642 3307 1792 3364 bomioioae
1817 3307 1925 3365 loesi-n.
1949 3308 2031 3375 litu,
2054 3308 2105 3364 obi
2124 3309 2221 3365 iconio

587 3395 747 3454 lielnricum
769 3395 839 3462 luit,
863 3410 1008 3468 perquem
1033 3397 1116 3453 etiam
1140 3395 1319 3451 inrestituras
1334 3407 1379 3448 re-
1430 3413 1481 3468 pro
1502 3399 1610 3454 excidio
1631 3399 1839 3455 Tiburtinorum
1862 3399 2037 3455 sollicitatur.
2061 3398 2121 3467 Qui
2141 3402 2221 3456 ειίιιι

587 3488 716 3559 signavit.
743 3486 793 3542 llic
815 3488 974 3560 episcopum
990 3487 1239 3552 Mediolanensem,
1261 3484 1381 3555 eoquod
1394 3512 1415 3568 c
1432 3489 1525 3546 llemis
1536 3489 1671 3561 synodum
1686 3489 1817 3547 instinctu
1831 3489 1939 3546 abbatis
1950 3488 2116 3546 Clarerailis
2129 3500 2222 3545 eontra

587 3579 764 3635 Cbunradum
775 3579 910 3634 sororium
931 3577 1105 3648 imperatoris
1120 3574 1230 3632 ilenriei
1246 3576 1273 3630 iu
1289 3589 1379 3644 regem
1432 3581 1591 3651 nagistrum
1619 3580 1797 3636 Gisilboriom
1829 3579 2030 3636 pictaviensem
2059 3581 2223 3651 epiooooooi

587 3669 624 3726 ab
637 3668 705 3740 ipsis
718 3669 826 3725 civibus
840 3667 900 3726 suis
913 3669 1031 3724 electum
1046 3665 1380 3735 consecrarit,dcpositus
1431 3672 1580 3728 ootonoooii
1594 3671 1687 3742 pas)...

587 3769 631 3818 est
642 3760 711 3833 (80),
724 3767 752 3816 ει
767 3760 858 3830 ipsum
870 3758 1049 3815 Cbunradnm
1065 3766 1161 3829 postea
1177 3772 1270 3826 regem
1281 3755 1381 3811 lieniu-
1466 3761 1773 3820 culmisciacum
1790 3760 1835 3828 ll,
1850 3763 1923 3821 sedit
1943 3778 2049 3819 mnam
2071 3777 2095 3830 r,
2115 3778 2223 3820 menses

588 3869 687 3910 norum
705 3854 807 3909 lactum
820 3854 1080 3909 excommunicavit.
1432 3869 1470 3918 tr,
1488 3855 1548 3910 dies
1563 3871 1636 3911 tarr.

624 3941 762 4000 euxvltl.
778 3942 954 3998 innocentius
969 3941 1006 4010 il,
1023 3941 1070 4013 qui
1086 3946 1114 3996 et
1126 3939 1274 4010 Gregorius
1294 3954 1382 4010 quon·

591 4033 655 4089 dam
665 4034 755 4090 dictus
767 4043 819 4099 est,
829 4034 944 4090 natione
960 4033 1113 4096 llomanus,
1130 4033 1161 4088 S.
1176 4032 1271 4101 angeli
1291 4031 1383 4085 carui·

590 4124 663 4180 nalis
689 4124 831 4179 diaconus.
848 4124 943 4181 Annos
961 4139 1029 4189 siri,
1052 4137 1162 4179 nlenses
1174 4137 1230 4186 vri,
1248 4121 1308 4175 dies
1321 4135 1381 4175 vrri.

592 4214 654 4282 Qum
674 4214 807 4271 canonice
821 4216 926 4280 electo,
950 4216 998 4270 sed
1012 4214 1105 4277 Petro,
1121 4213 1208 4284 quiet
1223 4212 1381 4276 Anacletus,

591 4305 666 4362 Petri
681 4307 781 4362 Leonis
796 4307 870 4371 iiio,
895 4306 1024 4361 violentia
1046 4306 1198 4360 amicorum
1214 4319 1327 4359 suorum
1342 4304 1384 4359 in-

595 4400 685 4463 truso,
701 4397 810 4454 latente
825 4398 876 4454 sibi
893 4414 959 4468 repe
979 4396 1073 4451 Siculo
1094 4394 1223 4468 liopcrio,
1247 4396 1341 4452 urbem
1357 4404 1384 4453 ct

593 4489 686 4545 sedero
696 4488 850 4560 occuparit.
868 4487 1043 4544 innocentius
1058 4488 1159 4559 itaque,
1176 4487 1241 4540 duan
1255 4487 1384 4543 resistere

593 4594 649 4634 non
664 4579 746 4644 valet,
759 4580 828 4636 urbe
842 4579 952 4643 cedens,
966 4579 1097 4633 auxilium
1111 4576 1234 4632 Lotbarii
1250 4576 1323 4647 repis
1340 4577 1384 4631 in·

593 4671 729 4739 terpellat.
745 4669 831 4736 Quem
849 4668 997 4725 lotharius
1018 4683 1065 4724 res
1081 4667 1196 4723 llomam
1218 4683 1313 4724 secum
1334 4667 1386 4722 du·

1466 3945 1765 4003 cellulanorum
1786 3946 1832 4011 lv,
1854 3947 1967 4002 natione
1987 3945 2134 4015 implicas,
2155 3946 2224 4002 sedit

1432 4043 1513 4095 aratris
1528 4056 1565 4102 nv,
1577 4054 1686 4094 menses
1698 4054 1760 4104 narr,
1774 4039 1882 4096 diesrt.
1893 4037 1954 4105 Quo
1968 4045 2092 4103 mortuo,
2103 4039 2224 4094 scbisana

1433 4131 1625 4202 grauissimum
1648 4138 1733 4184 totam
1758 4128 1928 4199 perturbavit
1952 4127 2124 4194 Ecclesiam,
2152 4127 2224 4198 quaed

1433 4219 1517 4289 cmpit
1532 4234 1604 4273 anno
1621 4217 1729 4273 llonrini
1742 4218 1811 4272 illu
1831 4227 1859 4273 et
1877 4219 1986 4274 durrarit
2009 4233 2101 4289 usque
2121 4219 2155 4272 nu
2177 4233 2226 4273 aa·

1434 4322 1499 4362 irritu
1515 4306 1621 4362 bonoim
1633 4305 1713 4370 llil,
1729 4305 1792 4361 aliis
1810 4304 2039 4376 nouatumque
2051 4312 2083 4363 et
2108 4306 2225 4362 Alexan·

1434 4397 1493 4462 aler,
1508 4396 1569 4452 aliis
1589 4395 1780 4460 Octauianum,
1803 4395 1899 4464 quiet
1920 4393 2025 4459 lictor,
2047 4394 2224 4466 eligentibus.

1435 4487 1540 4543 llortuo
1552 4485 1664 4542 l'ietore
1689 4484 1789 4548 (luido,
1808 4484 1855 4556 qui
1868 4492 1897 4540 et
1909 4482 2064 4551 Pascbalis,
2080 4485 2225 4542 substitui·

1435 4588 1489 4633 tnr.
1511 4577 1572 4644 Quo
1595 4583 1715 4641 mortuo,
1729 4574 1922 4646 calistenem
1946 4582 1975 4631 et
1993 4574 2120 4632 imanes
2142 4577 2225 4634 abbas

1436 4669 1606 4724 strumensis
1626 4669 1800 4738 subrogatur.
1817 4667 1940 4724 Ecclesia
1963 4673 2056 4724 tamen
2082 4676 2153 4730 tota,
2173 4670 2225 4726 nisi

593 4776 677 4827 cena,
692 4761 721 4816 in
739 4761 856 4818 eeclesia
882 4759 911 4815 S.
928 4758 1095 4824 salvatoris,
1111 4774 1172 4830 qua
1186 4770 1214 4815 et
1227 4758 1386 4816 Constanti·
1435 4761 1515 4832 pauci
1534 4761 1632 4815 timore
1651 4759 1694 4815 acl
1717 4773 1810 4815 aratore
1829 4757 1968 4816 Erederiei
1981 4757 2162 4828 imperatoris
2186 4761 2225 4816 ia·

594 4851 677 4906 nlana
692 4851 805 4916 dicitur,
822 4851 857 4906 ab
877 4852 937 4921 ipso
952 4856 1117 4915 coronatus,
1130 4849 1247 4921 Augusti
1270 4849 1384 4920 adeptus
1399 4837 1520 4916 ⁰ducti‚
1533 4847 1718 4905 Alexandrum
1739 4847 1917 4919 approbabat.
1936 4845 1990 4913 Qui
2004 4847 2149 4906 Adrianus
2163 4849 2226 4906 Ere·

593 4950 637 4997 est
649 4957 759 4999 nomen.
772 4939 830 4998 Sub
844 4957 878 4997 eo
891 4942 972 4996 etiam
982 4949 1010 4995 et
1024 4956 1072 5011 per
1083 4955 1146 4996 eam
1159 4940 1281 5010 synodus
1291 4937 1385 4994 Romae
1434 4942 1556 4996 clericum
1571 4954 1662 5011 regem
1676 4939 1770 4996 Rome
1780 4937 1961 4995 renitentibus
1973 4937 2086 4996 civibus
2093 4940 2224 5012 imperiali

593 5033 739 5090 Lateranis
765 5033 793 5088 in
822 5031 1037 5103 Quadrupesiina
1063 5031 1232 5094 celebratur,
1260 5031 1306 5086 ubi
1333 5030 1382 5085 do·
1435 5033 1625 5089 benecdictione
1645 5032 1801 5089 strblimarit
1821 5030 1889 5102 (83).
1911 5028 2038 5099 Tempora
2060 5031 2142 5087 isaias
2153 5047 2225 5103 pape

597 5125 670 5181 cerui
695 5125 753 5194 (81)
776 5129 804 5179 ει
827 5137 860 5178 eo
882 5123 999 5208 amplius
1022 5122 1144 5192 episcopi
1165 5129 1193 5177 et
1211 5121 1316 5190 prelati
1339 5120 1385 5176 alii
1436 5123 1660 5178 scittceraurtant
1673 5122 2058 5190 ramadirticonserratmncst
2073 5125 2223 5193 ιιςιιηιει

598 5219 810 5284 congregantur.
834 5211 873 5266 lbi
887 5210 970 5266 etiam
993 5211 1071 5280 plura
1086 5211 1164 5264 utilia
1183 5209 1313 5266 Ecclesiae
1329 5219 1387 5266 sta·
1441 5213 1556 5284 l'irpinis
1572 5211 1669 5269 llarioe
1683 5215 1711 5268 in
1722 5212 1828 5268 Canetl.
1848 5210 1920 5266 Dens
1932 5224 1979 5264 nos
1994 5211 2022 5265 in
2034 5227 2069 5266 ec
2082 5214 2223 5279 mtadiat,

596 5304 661 5367 tuit,
677 5312 705 5360 et
719 5304 792 5360 inter
806 5312 905 5359 caetera
920 5320 926 5355 ι
946 5306 981 5357 itt
992 5303 1173 5358 ordinationes
1187 5320 1204 5356 a
1218 5302 1314 5366 Petro,
1333 5303 1386 5355 sice

598 5391 632 5445 ab
646 5392 703 5462 ipso
717 5391 847 5446 ordinatis
861 5395 946 5448 irritoe
957 5403 1061 5457 essent,
1083 5402 1108 5446 et
1121 5393 1387 5447 euontntanicationi

597 5499 658 5540 snm
671 5498 732 5537 cam
746 5485 801 5538 sair
815 5483 969 5555 uqaacilas
983 5484 1118 5554 subjacere
1130 5486 1239 5539 censuit.

634 5569 931 5630 carlmannus
945 5572 1092 5627 secundus.
1107 5571 1214 5627 llenses
1228 5587 1265 5626 n.

636 5661 741 5718 clxx.
756 5660 858 5718 Lucius
878 5660 911 5726 ll,
933 5662 980 5732 qui
1004 5669 1031 5718 et
1052 5659 1220 5717 Gerhardus.
1239 5661 1348 5715 dunum
1366 5674 1385 5714 r.

602 5756 772 5828 lliepravem
793 5770 809 5810 a
827 5754 932 5813 civibus
946 5753 1078 5810 Romanis
1096 5754 1312 5824 persecutionem
1326 5767 1388 5822 pas·

603 5864 663 5913 sus,
679 5848 713 5903 ad
727 5847 909 5918 patrocinium
925 5845 1055 5902 Romana
1069 5844 1197 5902 Ecclesia
1210 5843 1387 5898 chunradum

640 5981 698 6046 taut
721 5981 799 6037 Gerr.
810 5982 948 6054 deposuit.

639 6035 698 6122 lsi)
716 6051 828 6122 siclos
841 6069 850 6106 .-
864 6051 925 6107 uu.

642 6121 699 6193 (82)
715 6116 764 6178 llic
777 6122 832 6177 duo
844 6128 988 6193 sequemm
1001 6133 1096 6177 ramus
1111 6117 1202 6174 abrasi
1214 6115 1333 6175 luerunt.

1436 5314 1460 5360 ct
1472 5305 1505 5359 ab
1527 5307 1597 5359 onrni
1610 5306 1681 5359 malo
1694 5302 1829 5372 dependat,
1844 5309 1870 5357 et
1888 5301 1967 5373 l'irpo
1980 5300 2061 5358 beata
2077 5321 2128 5361 aas
2140 5306 2176 5361 ad
2189 5308 2223 5361 ri-

1438 5408 1491 5450 tem
1503 5406 1628 5451 eternam
1641 5393 1776 5465 perducet.

1472 5484 1612 5542 ccxxiv.
1627 5484 1780 5541 Alexander
1794 5482 1839 5551 ill,
1855 5485 1967 5541 natione
1977 5484 2127 5552 mensis,
2141 5489 2221 5559 quiet

1439 5578 1591 5642 llolandns,
1607 5576 1678 5633 sedit
1696 5591 1784 5632 annos
1799 5576 1856 5632 iere
1869 5591 1949 5632 aaran.
1966 5575 2039 5632 liet
2057 5576 2221 5636 incarnatio·

1439 5671 1482 5724 nis
1495 5667 1613 5735 Domini,
1630 5667 1779 5724 indictione
1791 5685 1820 5732 a,
1834 5668 1939 5724 babens
1951 5667 1980 5723 in
1996 5671 2220 5727 concurrentimr

1439 5777 1466 5823 n,
1480 5759 1508 5814 in
1521 5759 1623 5830 epactis
1639 5773 1737 5823 sariri,
1748 5759 1884 5830 completo
1895 5758 2126 5815 decemnovenali
2140 5761 2218 5832 epeia,

1441 5867 1467 5905 rr
1482 5849 1541 5906 lial.
1557 5849 1627 5921 unp.
1643 5849 1773 5915 schisma,
1789 5849 1863 5922 quod
1883 5848 1930 5904 diu
1950 5854 2039 5904 totam
2057 5849 2219 5922 perturbant

1441 6051 1448 6063 ·
1476 5981 1532 6051 (83)
1546 5979 1609 6036 ilaec
1618 5981 1653 6036 ab
1664 5981 1716 6036 alia
1732 5995 1825 6048 manu,
1836 5978 1935 6037 seculo
1950 5995 1996 6037 arr
2006 5994 2067 6039 aaa
2077 5982 2219 6058 mursiam

1441 6059 1544 6107 casem
1558 6059 1633 6107 sunt.
