5125 7059
624 715 684 772 aas
1246 713 1402 772 mosum
1423 684 1558 771 ssccu
1579 714 1635 773 m.
2206 718 2251 776 eu

630 832 685 887 troii
697 830 776 885 debet
791 830 898 885 inirrnta
913 838 979 886 retas
994 830 1090 894 laxari,
1103 844 1153 886 uec
1172 830 1276 886 nouiter
1290 831 1415 886 conuersi
1430 844 1452 900 q
1466 845 1574 900 cunque
1596 837 1686 900 potest
1709 829 1864 885 seducendo
1890 838 1979 886 necat.
1989 828 2163 899 Contingunt
2175 831 2250 886 etiam

630 923 734 979 adhaec
758 923 814 977 cito
828 922 940 987 remitti,
954 924 1018 991 quia
1038 920 1177 991 saeperita
1191 922 1291 976 cedrus
1309 937 1323 974 a
1339 928 1413 974 statu
1464 922 1521 976 irrec
1539 931 1662 991 tempore
1683 921 1773 984 ianus,
1788 922 1900 992 quando
1912 923 2045 992 quaritur
2056 923 2105 992 rqui
2118 921 2249 992 justitiam

628 1014 796 1077 concutitur,
811 1020 914 1084 quanto
929 1015 1017 1084 magis
1039 1014 1146 1068 nouella
1171 1015 1275 1084 planta,
1290 1016 1313 1070 si
1333 1021 1414 1068 serito
1463 1014 1624 1084 terreat,qni
1640 1013 1780 1068 veritatem
1811 1022 1911 1078 seruet,
1936 1015 1983 1084 qui
2007 1014 2099 1069 aliena
2129 1028 2185 1068 nou
2211 1029 2249 1067 ra·

627 1104 1048 1174 seculanrattseoeperittanqt,
1066 1120 1121 1160 non
1147 1106 1230 1161 eitius
1257 1104 1414 1161 eradit-abi·
1464 1107 1530 1177 piat,
1562 1107 1609 1176 qui
1639 1105 1815 1161 rerlururbei
1840 1106 2002 1177 purocorde
2022 1105 2249 1176 praedicetettit

627 1200 693 1253 tur?
709 1196 846 1254 Fortassis
867 1198 920 1254 ista
944 1198 1040 1254 dicens
1061 1197 1168 1269 aliquos
1182 1200 1327 1255 sanctioris
1347 1214 1412 1269 pro·
1463 1196 1610 1256 imeuitur,
1629 1205 1657 1249 ut
1668 1196 1813 1265 impleatur
1831 1197 1913 1250 etiam
1940 1196 2057 1250 lucebis
2070 1195 2140 1251 iliud
2154 1191 2247 1250 isaiae:

626 1293 707 1360 positi
722 1291 796 1346 sires
811 1289 928 1356 edendo,
938 1289 985 1345 sed
999 1290 1049 1345 hoc
1065 1291 1127 1361 paci
1137 1289 1264 1346 Ecclesiae
1273 1306 1322 1361 pro
1333 1306 1413 1361 posse
1464 1287 1610 1342 irnmitteut
1623 1288 1718 1357 [certent
1739 1289 1766 1341 in
1778 1299 1860 1356 terro,
1871 1295 1924 1344 etc.
1941 1287 2050 1359 (Ezecit.
2061 1286 2102 1358 r).
2119 1287 2153 1342 Et
2165 1289 2246 1343 iliud:

625 1382 774 1438 consulens
788 1381 862 1445 dico,
877 1379 991 1436 credens
1001 1391 1028 1436 et
1042 1395 1155 1452 sperans
1165 1381 1238 1452 quoti
1249 1381 1339 1435 emnia
1351 1396 1413 1452 quae
1463 1383 1816 1438 Preriosiorerituireureet
1825 1381 2086 1438 borrreaioratebriao
2098 1379 2170 1451 (isa.
2180 1381 2246 1449 xtul.

625 1473 653 1527 iu
668 1472 797 1529 Ecclesiis
810 1472 913 1530 Christi
928 1472 954 1526 in
970 1487 1025 1527 una
1043 1471 1095 1526 lide
1117 1472 1292 1527 manentibus
1316 1472 1412 1527 ebscr·
1462 1473 1579 1530 Additur
1600 1474 1682 1529 etiam
1697 1473 1769 1544 quud
1796 1481 1905 1528 centum
1933 1474 2049 1545 paverit,
2075 1480 2109 1529 ut
2134 1473 2246 1544 perlecta

623 1573 734 1631 rantur,
748 1564 987 1634 summepontilici
1011 1567 1147 1636 placeant,
1165 1580 1215 1620 trec
1243 1565 1410 1621 oblationem
1462 1568 1581 1622 citaritas
1604 1566 1676 1622 loeas
1704 1567 1813 1622 mitreus
1838 1566 1963 1621 seruilem
1989 1567 2142 1628 timorem,
2180 1567 2248 1621 acci·

624 1657 853 1728 uniuscujusque,
867 1658 1017 1728 quamlibet
1039 1672 1123 1727 parra
1139 1657 1185 1722 sit,
1201 1659 1263 1729 pius
1281 1659 1411 1714 sacerdos
1462 1659 1518 1727 piat
1536 1657 1661 1712 tiruerem
1688 1667 1794 1712 castum
1821 1668 2027 1728 permanentem
2056 1658 2086 1714 in
2122 1660 2246 1714 mulum

622 1758 743 1821 respuat,
756 1750 863 1821 quelle
877 1751 960 1806 corde
980 1751 1099 1806 contrite
1114 1759 1141 1806 et
1157 1753 1252 1822 spiritu
1268 1752 1412 1807 itumiiiaro
1461 1747 1553 1803 saeculi
1572 1757 1618 1814 ;et
1632 1748 1669 1803 ita
1686 1747 1798 1813 obdias,
1814 1749 1862 1820 qui
1885 1748 2084 1820 interpretatur
2094 1766 2186 1804 uma
2199 1749 2246 1803 be·

622 1840 763 1899 offeratur.
791 1842 855 1898 iiaec
870 1841 905 1897 de
927 1841 1070 1898 monacbis
1096 1843 1144 1914 qul
1160 1844 1188 1898 iu
1212 1844 1370 1900 ciuitatibus
1384 1853 1411 1900 et
1460 1840 1536 1899 atini.
1550 1839 1607 1901 liat,
1621 1847 1647 1896 et
1663 1839 1734 1895 sicut
1746 1839 1792 1895 ilie
1803 1840 2046 1911 propheticodono
2066 1842 2244 1912 participarit,

621 1931 742 1988 castellis
754 1941 781 1988 et
797 1932 933 1988 similibus
946 1931 1014 1987 locis
1028 1939 1140 1989 roaueut
1151 1931 1281 2000 dicimus,
1297 1935 1410 1990 alterius
1461 1934 1500 1990 sic
1526 1932 1578 1987 iste
1605 1948 1745 1989 serrorum
1762 1933 1880 1987 nutritor
1894 1943 1921 1988 et
1933 1934 2087 1997 institutor,
2102 1948 2200 1989 eorunt
2210 1937 2245 1988 vi·

621 2023 787 2080 intellectum
803 2025 849 2095 qui
875 2024 973 2079 roeiius
988 2025 1105 2080 senserit
1120 2025 1316 2097 amplectentes
1329 2034 1356 2082 ct
1371 2027 1409 2082 ie·
1460 2034 1514 2078 tam
1531 2024 1648 2095 diligens
1662 2033 1688 2080 et
1702 2025 1804 2078 imitari
1819 2025 1944 2095 cupiens,
1960 2024 1994 2080 ad
2019 2024 2073 2080 boe
2084 2025 2245 2096 quandoque

619 2122 723 2173 ctorem
737 2116 926 2186 deprecantes,
943 2124 973 2171 ut
988 2116 1012 2172 si
1026 2115 1128 2186 aliquid
1143 2131 1256 2187 prauum
1277 2118 1407 2182 diximus,
1460 2113 1637 2185 perducatur,
1654 2123 1683 2168 ιιι
1705 2113 1778 2184 quod
1799 2115 1838 2167 illi
1854 2123 1939 2184 apum
1958 2123 1985 2169 et
2003 2113 2064 2183 ipse
2075 2125 2153 2185 apat,
2168 2122 2195 2168 et
2210 2114 2244 2169 sic

620 2223 674 2263 uon
690 2208 886 2264 malevolentiae
914 2208 1044 2279 deputet;
1068 2208 1117 2264 sed
1133 2209 1156 2265 si
1178 2209 1323 2281 quidboni
1340 2213 1409 2266 seri·
1424 2204 1446 2259 B
1460 2206 1580 2276 ipsorum
1603 2207 1699 2276 spiritu
1727 2204 1912 2260 itudammatus
1927 2207 2099 2262 inardescat.
2122 2206 2244 2263 Videmus

621 2305 696 2369 ptum
718 2307 772 2361 est,
787 2296 903 2368 diligam
928 2298 951 2353 si
978 2312 1043 2352 tero
1068 2297 1173 2367 aliquid
1200 2299 1275 2358 maii,
1295 2298 1409 2354 tidenter
1459 2316 1532 2371 saepe
1554 2302 1623 2356 lates
1644 2301 1787 2365 borttbres,
1807 2301 1853 2371 qni
1867 2315 1930 2356 euru
1940 2308 2035 2357 esseut
2049 2301 2209 2364 saculares,
2222 2308 2245 2355 et

618 2390 750 2462 corrigat,
766 2389 953 2460 etnobis,qui
969 2389 1069 2445 meiius
1084 2390 1176 2446 dicere
1191 2390 1342 2455 nescimus,
1366 2391 1408 2446 iu-
1459 2408 1550 2448 rerum
1570 2394 1705 2447 adimentia
1726 2401 1753 2449 et
1776 2393 1945 2463 rolrrptutum
1967 2393 2047 2463 copia
2064 2393 2244 2453 abundarent,

617 2480 734 2553 dulgent.
1458 2499 1508 2540 uec
1529 2484 1564 2538 ab
1585 2484 1741 2541 bominibus
1763 2485 1791 2539 io
1811 2485 1852 2540 eis
1873 2499 1934 2540 esse
1948 2485 2041 2554 aliqua
2055 2484 2147 2539 uirtus
2166 2484 2244 2537 auini

617 2591 662 2648 ΙΙΙ.
681 2593 917 2664 Derneunrlriaqui
940 2596 1015 2664 iouqe
1034 2611 1061 2649 se
1086 2592 1279 2648 abdominibus
1294 2593 1406 2662 luctator.
1458 2576 1716 2646 dl'l’fehffl'def‘mf·
1738 2577 1791 2632 '¹5³¹
1816 2577 1868 2632 ¹¹⁰⁰
1891 2577 1980 2632 ⁸⁰¹¹¹¹¹¹
1992 2576 2067 2647 ‘1⁰⁰⁶
2091 2591 2189 2632 ’ΨΜ
2203 2575 2244 2631 M

740 2673 768 2718 ut
784 2664 979 2725 cirtercienses,
994 2677 1018 2719 et
1028 2667 1104 2736 siqui
1116 2676 1175 2719 satu
1190 2665 1301 2720 studies.
1459 2667 1638 2724 instituebant
1652 2675 1680 2724 et
1699 2668 1866 2730 nutriebant,
1885 2667 1919 2723 ad
1934 2669 1985 2723 buc
1999 2668 2124 2735 uenisse,
2138 2675 2170 2723 ιιι
2183 2682 2245 2740 pau·

650 2756 771 2813 tilam
795 2758 829 2813 ad
862 2757 924 2814 iilos
939 2758 1028 2829 stylus
1046 2764 1182 2819 recurrat,
1210 2757 1257 2827 qui
1280 2756 1406 2811 monacbi
1458 2759 1654 2830 pereseliesii,
1679 2774 1825 2830 pauperem
1840 2760 1981 2815 Christum
2007 2767 2202 2828 sequerentur,
2220 2767 2244 2814 et

616 2865 715 2907 nomen
741 2865 756 2905 a
784 2850 873 2906 turbis
898 2849 1010 2905 omuino
1034 2850 1168 2920 segregati
1185 2849 1351 2920 insigniunt,
1373 2849 1407 2904 de
1457 2853 1584 2908 tollentes
1600 2867 1710 2907 enicem
1739 2867 1816 2908 suam
1835 2859 1940 2906 arctant
1967 2858 1994 2907 et
2024 2853 2143 2906 arduam
2168 2853 2243 2906 sitan

614 2955 732 3013 quonum
748 2942 803 2996 uita
817 2948 845 2997 et
856 2941 983 2995 instituto
997 2939 1100 3011 aliquid
1112 2939 1255 2995 sinistrum
1271 2939 1406 3009 suspicari
1457 2944 1654 2999 monachorum
1678 2950 1899 3016 aggrederentur,
1915 2952 1942 2999 et
1955 2943 2105 2999 redderent
2126 2943 2243 2998 bomiues

615 3038 756 3099 nonlicet,
777 3050 827 3090 nee
840 3034 903 3090 intie
917 3035 1084 3105 loquentem,
1095 3048 1130 3088 ue
1140 3034 1167 3088 in
1178 3033 1257 3088 laude
1272 3034 1405 3103 ipsorum,
1458 3035 1575 3090 buntaoa
1592 3043 1697 3089 tautum
1709 3036 1849 3106 sapientes
1867 3034 2018 3091 admiratos
2032 3044 2061 3091 et
2075 3035 2203 3106 stupidos
2219 3036 2242 3090 in

613 3137 826 3200 quantacunque
839 3127 949 3190 dixerit,
965 3134 1069 3197 peccet,
1093 3125 1191 3180 timore
1203 3133 1322 3197 oportet.
1336 3123 1407 3180 Sunt
1457 3128 1624 3183 subitatione
1646 3126 1791 3198 insperatae
1813 3128 1926 3192 saluiis;
1950 3127 1987 3181 ita
2009 3133 2038 3181 ut
2061 3126 2202 3183 diceretur
2214 3127 2242 3183 de

613 3224 687 3278 euim
702 3221 730 3276 in
742 3221 811 3277 iocis
820 3220 879 3276 suis
891 3220 928 3274 ita
940 3220 1071 3282 virentes,
1081 3225 1112 3272 ut
1122 3220 1240 3273 incarne
1251 3227 1404 3282 manentes,
1455 3222 1512 3274 eis:
1527 3217 1591 3273 liec
1601 3228 1639 3273 est
1649 3219 1798 3274 intitulatio
1805 3219 1920 3274 dextere
1929 3217 2135 3289 Ercetsiwset.
2146 3223 2240 3287 turni.

612 3317 678 3387 quia
692 3314 814 3371 carnalia
828 3313 958 3369 deserunt
972 3320 999 3368 et
1019 3309 1229 3373 transcendunt,
1245 3324 1403 3379 supraear-
1456 3308 1536 3365 licuit
1550 3311 1624 3366 euim
1650 3308 1782 3366 borulnus
1803 3311 1929 3382 quisunt
1951 3309 2023 3380 ejus.
2044 3307 2117 3365 Nam
2138 3319 2167 3367 et
2191 3311 2241 3381 ipse

614 3421 676 3462 nem
690 3421 752 3462 esse
762 3405 825 3475 jure
838 3404 975 3461 dieantur.
991 3403 1104 3458 iliratur
1117 3402 1191 3457 euim
1208 3400 1335 3471 quisquis
1353 3415 1401 3456 eos
1454 3401 1555 3455 ilitdias
1567 3410 1725 3470 persecutor
1736 3416 1798 3457 esse
1811 3399 1841 3456 S.
1856 3400 1921 3456 Elire
1940 3400 2117 3465 credebatur,
2128 3417 2164 3458 ee
2176 3403 2240 3474 quod

613 3499 697 3563 ridet,
723 3498 849 3553 bunrance
864 3495 1032 3552 infirmitatis
1046 3500 1152 3549 tantam
1172 3493 1402 3555 immutationem,
1455 3494 1581 3548 rtriuister
1603 3495 1676 3564 regis
1701 3495 1886 3565 persecutoris
1909 3502 2000 3560 esset,
2020 3502 2049 3550 et
2065 3503 2162 3551 umen
2176 3495 2241 3565 qnod

613 3586 664 3645 rlec
679 3589 736 3658 jam
747 3604 809 3645 esse
822 3587 855 3643 de
871 3596 955 3652 terra,
972 3587 1020 3644 sed
1034 3586 1136 3642 esseio
1152 3591 1402 3641 terraasteruutur.
1418 3558 1439 3616 (3
1455 3590 1562 3636 amator
1573 3591 1646 3638 esset
1662 3587 1744 3639 etlam
1764 3586 1902 3640 minorum
1919 3599 2064 3641 serrorum
2081 3585 2144 3649 ilei,
2168 3601 2240 3659 man

612 3683 771 3738 intueantur
781 3689 872 3736 tanmn
887 3679 910 3733 si
932 3678 1033 3733 alicubi
1053 3677 1080 3733 io
1095 3676 1218 3744 antiquis
1231 3676 1287 3731 tale
1301 3674 1403 3747 aliquid
1455 3671 1538 3736 Elias,
1553 3688 1668 3744 prorsus
1683 3676 1793 3732 latebat.
1808 3675 1892 3731 biriai
1910 3676 1993 3731 etiam
2009 3683 2077 3732 sunt
2099 3677 2155 3748 ipsi
2171 3677 2240 3732 abeo

613 3773 796 3831 inveniamus.
816 3770 955 3843 Scriptum
971 3778 1013 3831 est
1033 3769 1060 3824 in
1078 3768 1148 3824 libro
1161 3766 1266 3839 itegunt
1282 3783 1313 3822 ιιι
1330 3765 1403 3838 quod
1454 3778 1504 3835 per
1517 3765 1727 3836 quinquagenos
1740 3767 1767 3822 lu
1782 3766 1931 3837 speluncis,
1942 3766 2006 3837 quia
2021 3766 2190 3825 charitatem
2201 3766 2240 3821 uei

612 3866 716 3922 abdias
729 3866 855 3921 minister
865 3864 938 3934 regis
949 3861 1055 3922 dcbab,
1069 3869 1191 3931 tempore
1203 3859 1403 3930 persecutionis
1453 3863 1480 3912 et
1495 3858 1610 3927 proximi
1626 3859 1694 3914 tales
1708 3860 1779 3914 servi
1792 3857 1879 3915 belin
1892 3857 1975 3914 corde
1989 3858 2116 3930 perfecte
2127 3861 2239 3917 retinen·

613 3966 640 4014 et
652 3957 734 4012 lamis
747 3963 857 4012 centum
870 3955 1017 4028 propbetas
1043 3954 1071 4007 in
1085 3952 1226 4023 speluncis
1251 3965 1301 4022 per
1323 3951 1404 4030 qqin-
1453 3957 1505 4012 tes,
1521 3949 1594 4021 quod
1614 3950 1785 4022 significatur
1805 3967 1855 4022 per
1873 3952 2036 4022 speluncas,
2052 3953 2239 4009 remissiones

614 4063 752 4120 quaqenos
765 4046 870 4103 diuisos
884 4046 951 4101 aluit
964 4059 1032 4115 pane
1052 4051 1080 4098 et
1107 4057 1190 4113 aqua.
1209 4040 1294 4096 diunt
1320 4041 1401 4096 etiam
1453 4043 1604 4114 plenariam
1617 4043 1788 4112 postmodum
1803 4058 1866 4098 cum
1880 4047 1968 4100 seruis
1977 4041 2024 4098 bri
2041 4044 2097 4114 ipsi
2109 4042 2239 4100 [leemili

612 4137 717 4196 liebraei
732 4138 798 4196 etii.
808 4137 990 4209 iiierooymus
999 4136 1124 4198 assentit,
1136 4134 1207 4203 quod
1217 4133 1274 4202 ipse
1287 4131 1400 4196 Abdias,
1454 4140 1545 4191 mutes
1558 4142 1754 4205 assequuntur,
1770 4133 1845 4207 quod
1858 4150 1908 4206 per
1919 4136 2122 4207 quinquaginta
2144 4137 2239 4194 indica·

611 4230 659 4301 qui
673 4230 745 4285 iuter
766 4228 911 4284 duodecim
937 4228 1058 4282 minores
1072 4230 1280 4283 annumeratur,
1297 4231 1325 4279 et
1340 4237 1402 4293 pro·
1453 4236 1508 4286 tur.
1529 4231 1672 4297 Quomodo
1695 4240 1786 4288 autem
1810 4233 2018 4306 assequuutnrl
2031 4231 2169 4305 Nunquid
2192 4249 2238 4290 net

611 4332 704 4395 ptem
725 4322 819 4377 (labiim
831 4321 856 4377 ei
879 4335 941 4376 esse
956 4317 1089 4390 Spiritum
1104 4315 1223 4372 Domini.
1239 4314 1314 4386 quod
1331 4329 1399 4386 pru·
1452 4331 1638 4395 assequuntur
1657 4326 1764 4396 plemm
1785 4327 1994 4392 remissionem,
2018 4326 2070 4397 qui
2093 4326 2203 4383 libenti
2226 4342 2237 4380 q

611 4411 708 4482 pbetas
719 4409 851 4481 Spiritum
868 4408 914 4464 bei
926 4409 1058 4464 babentes
1074 4407 1189 4478 paverit.
1201 4404 1402 4476 iuterpretatur
1452 4417 1576 4474 murari
1590 4414 1845 4481 qumqrru‚,011p00
1858 4417 1986 4479 mquam,
1993 4424 2021 4472 et
2032 4417 2060 4473 ,ι
2075 4418 2145 4490 quiq
2156 4418 2237 4478 mn,

611 4519 678 4561 uero
689 4503 793 4559 Abdiar
803 4518 891 4557 urnas
906 4501 1022 4564 donnini,
1037 4501 1102 4570 quia
1119 4512 1184 4554 rere
1192 4497 1325 4552 babemus
1342 4510 1401 4552 ser·
1452 4509 1476 4565 sq
1497 4510 1563 4580 quiq
1580 4509 1745 4566 mmmmm
1764 4509 1794 4565 q„
1815 4507 1945 4565 dmum,
1959 4523 2056 4580 „gum
2077 4511 2123 4567 „q
2144 4510 2238 4584 Vinci.

610 4613 676 4654 rutu
689 4596 796 4654 Domini
810 4595 957 4668 propbetas
968 4592 1136 4665 pascentem,
1147 4597 1175 4646 et
1189 4590 1323 4645 babemus
1332 4596 1402 4644 tem-
1451 4614 1516 4670 pum
1526 4600 1607 4670 hujus
1620 4600 1712 4656 muli
1728 4600 1756 4654 tn
1766 4613 1818 4654 usu
1833 4598 1997 4663 habuerunt,
2009 4597 2123 4670 sgnum
2135 4600 2238 4672 „aas

609 4706 663 4763 pus
684 4689 765 4746 lamis
788 4698 816 4744 et
839 4684 1049 4758 persecutionis,
1066 4693 1093 4741 et
1119 4689 1229 4739 centurn
1253 4681 1401 4752 propbetas
1451 4691 1504 4746 iem
1520 4690 1660 4747 Christum
1676 4689 1826 4747 succinctis
1841 4688 1975 4749 renibus.
1998 4688 2026 4743 id
2042 4696 2088 4746 est
2110 4691 2237 4747 rutrims

609 4796 661 4853 pre
687 4780 865 4852 redecima
895 4779 960 4849 quta
980 4778 1043 4832 tatu
1068 4790 1201 4831 numerus
1225 4775 1254 4829 in
1279 4772 1401 4844 srupto
1452 4782 1535 4853 injus
1551 4783 1738 4854 ιοπιριιιιιιι
1759 4783 1897 4839 illecebris
1909 4779 2099 4849 moerentes,
2118 4781 2237 4838 mote-

609 4873 651 4929 ris
668 4873 769 4929 divinis
783 4887 832 4943 pro
854 4869 1020 4942 perfectione
1045 4866 1191 4938 accipitur,
1210 4874 1238 4922 el
1261 4866 1435 4953 quintilia-1)
1451 4884 1507 4930 tate
1527 4875 1626 4930 dumus
1650 4874 1698 4930 bei
1722 4873 1913 4931 inebriantur?
1931 4870 1977 4928 Sic
1989 4873 2066 4928 enim
2083 4873 2237 4930 dividuntor

608 4982 695 5037 qenes
721 4981 772 5036 pro
805 4964 987 5028 remissione,
1013 4960 1078 5032 quia
1106 4967 1134 5015 et
1160 4959 1188 5014 iu
1216 4960 1275 5030 iege
1306 4972 1396 5013 aonus
1446 4981 1496 5041 per
1513 4967 1743 5038 quinquagenos,
1770 4965 1835 5035 quia
1873 4963 2039 5019 charitatem
2065 4978 2136 5037 erga
2164 4965 2236 5020 θειιι

608 5057 853 5131 quinquagesimus
863 5055 1034 5111 remissionis
1047 5052 1246 5124 appellabatur,
1272 5067 1307 5107 ee
1322 5051 1395 5121 quod
1449 5060 1594 5122 habentes,
1621 5059 1698 5128 prins
1724 5057 1759 5113 ab
1778 5073 1813 5113 eo
1831 5055 2022 5112 remissionem
2050 5057 2237 5128 accipiesque

610 5147 639 5202 iu
672 5161 706 5202 eo
742 5161 757 5200 ι
795 5145 927 5201 servitute
963 5144 1189 5207 remittebtssllii·
1230 5150 1259 5197 0²
1284 5156 1396 5212 Ρθθὸθῦ·
1448 5149 1766 5219 charitatisobleiaerqa
1781 5147 1879 5204 iratres
1893 5145 2236 5219 tenentes.siquidaiiqu'

608 5238 703 5295 ⁸5⁰¹¹0⁸
729 5236 896 5307 milliebffl‘
910 5243 937 5292 0²
954 5237 982 5291 5¹¹
1005 5235 1165 5306 lubililiffiie
1184 5233 1390 5289 relaxabantur.
1445 5242 1575 5305 tulerant,
1584 5239 1683 5312 siquid
1695 5241 1759 5294 maii
1773 5239 1906 5301 leceraut,
1917 5236 2018 5308 siquid
2029 5237 2177 5305 dixerant,
2190 5239 2236 5293 risu

644 5329 691 5383 til.
714 5327 873 5383 intueamur
894 5333 1026 5397 quantum
1042 5325 1131 5380 lateat
1151 5328 1264 5396 atrthoa
1279 5324 1395 5380 bistoria
1446 5330 1810 5403 tantoprolessiooiseorum
1822 5328 2237 5400 decorelibentisstmeetspre

609 5430 706 5478 nestro
724 5421 851 5492 tempori,
868 5420 895 5475 iu
923 5419 1016 5491 quusi
1040 5435 1095 5474 non
1122 5418 1193 5474 idem
1211 5417 1290 5481 torte,
1305 5427 1394 5472 [tmen
1447 5426 1527 5480 terite
1541 5424 1766 5494 peccataquain
1782 5438 1812 5478 se
1823 5420 2233 5482 irreratttcorumissasaiasaut

610 5514 700 5570 simile
713 5513 780 5584 quid
792 5514 892 5584 agitur.
912 5511 980 5566 liant
995 5518 1022 5566 et
1037 5512 1066 5566 iu
1080 5520 1176 5566 nostre
1190 5517 1313 5579 terrtpore
1327 5509 1396 5564 tales
1481 5514 1526 5571 et.
1544 5513 1669 5570 Diximus
1681 5517 1715 5569 dc
1726 5530 1759 5570 eo
1773 5524 1800 5568 et
1813 5515 1874 5582 ejus
1894 5513 2043 5578 simiibus,
2059 5517 2112 5586 qui
2128 5516 2232 5586 propbe·

610 5606 658 5661 ilci
671 5620 765 5661 seruos
793 5605 832 5661 illi
848 5606 895 5677 qui
921 5612 1030 5660 terrena
1054 5604 1163 5675 negotia
1175 5603 1290 5663 babent,
1305 5602 1332 5655 in
1347 5603 1397 5656 ab·
1449 5617 1492 5663 aas
1516 5607 1669 5672 abscondit,
1689 5617 1820 5677 quantum
1843 5605 1999 5676 profecerit,
2012 5606 2082 5677 qnid
2102 5617 2233 5665 assecutas

609 5698 675 5753 ditis
687 5706 714 5752 et
726 5699 839 5753 remotis
856 5707 989 5752 terrarum
1005 5712 1116 5752 suarum
1134 5697 1201 5750 locis
1228 5696 1350 5755 truittuut,
1367 5703 1396 5746 ut
1449 5703 1495 5758 sir,
1511 5701 1576 5770 quid
1592 5700 1626 5755 (le
1645 5701 1686 5754 eis
1711 5699 1812 5753 dictori
1827 5714 1922 5755 somus
1936 5698 1982 5768 qui
2007 5699 2145 5758 absconsi
2165 5697 2234 5758 senti

611 5804 721 5859 precum
737 5802 848 5843 suarum
863 5786 996 5844 effusione
1017 5787 1125 5841 iliorum
1137 5793 1249 5857 peccata
1263 5786 1398 5840 redimant
1450 5791 1607 5847 intueamur
1631 5806 1696 5862 ergo
1714 5805 1810 5847 eorum
1833 5791 1928 5856 vium,
1947 5790 2041 5863 qualis
2063 5807 2102 5848 eo
2126 5801 2233 5864 tmpore

610 5890 639 5936 et
652 5890 682 5936 ut
695 5880 749 5952 ipsi
768 5879 899 5951 Spiritum
925 5880 983 5945 Dei,
1010 5881 1082 5937 sicut
1112 5889 1140 5935 et
1166 5879 1217 5944 iili,
1248 5879 1396 5949 accipiam.
1452 5883 1544 5947 luerit,
1560 5897 1623 5937 cum
1638 5891 1665 5937 et
1679 5882 1814 5938 charitate
1825 5882 1958 5952 principis
1971 5881 2014 5938 eis
2025 5881 2233 5942 necessarinit

611 5973 655 6030 Fit
669 5990 735 6031 vere
749 5975 837 6031 ethoc
849 5983 972 6046 tempore
984 5974 1193 6046 persecutionis,
1204 5973 1315 6045 quando
1326 5973 1399 6043 regi·
1451 5974 1616 6030 lectissimus
1634 5974 1870 6039 subministrabat,
1882 5981 1910 6029 et
1924 5973 2091 6045 separatioa
2107 5974 2231 6033 mundat!

612 6083 647 6122 ua
665 6067 827 6137 impiissima
840 6064 959 6131 lezabel,
972 6067 998 6120 id
1013 6074 1055 6122 est
1068 6066 1190 6135 superbie
1208 6073 1235 6121 et
1251 6067 1329 6120 taxer
1347 6079 1399 6118 se·
1451 6069 1658 6125 conuersatione
1687 6070 1833 6123 tumultum
1864 6082 1974 6124 omnem
2007 6063 2229 6126 retreuabaW

612 6163 676 6229 cala,
687 6178 782 6220 servm
796 6163 841 6219 ilci
857 6164 1029 6220 veliementer
1044 6164 1158 6220 iulcstos
1174 6163 1264 6226 babet,
1279 6171 1304 6217 et
1320 6177 1400 6233 ques·
1452 6162 1615 6219 aiistineutia
1628 6177 1693 6219 uero
1707 6176 1801 6218 eorrror
1818 6161 1840 6218 si
1860 6159 1933 6230 loqui
1945 6160 2073 6228 uuittero,
2092 6159 2228 6234 superlati
