5125 7059
350 699 405 756 Μ
877 688 1048 746 nttlotitts
1067 687 1111 741 bE
1128 684 1194 740 ESU
1215 683 1437 742 t’ot..·trtLtntt.
1922 690 1975 746 nau

351 818 426 871 irrina
443 827 493 868 nec
508 811 580 868 renti
597 811 732 867 irruentes
746 807 845 862 eadere
859 806 974 874 lacinut,
988 805 1052 877 qnia
1071 804 1134 861 lun·
1149 809 1171 866 Α
1186 813 1274 859 tutum
1290 804 1401 858 donnnn
1413 801 1563 874 impingere
1574 808 1701 872 possunt,
1711 802 1774 872 «peria
1784 803 1906 859 onmium
1919 812 1977 859 ten·

354 906 593 973 elaturnestsupra
604 903 709 956 tirnram
723 906 838 970 petram.
1191 894 1323 947 rationum
1340 906 1449 962 gerrem,
1475 890 1602 946 universa
1625 891 1753 945 ritiormn
1780 902 1902 949 nronstra
1918 895 1975 948 ele·

387 993 459 1062 Quid
472 994 545 1049 enim
555 993 647 1065 pluvia
658 990 711 1046 uisi
728 987 951 1060 concupiscentia
968 988 1138 1058 intelligitur,
1189 991 1296 1040 ctorum
1318 991 1436 1037 mentem
1455 997 1526 1037 >rem
1553 987 1581 1037 et
1604 982 1735 1063 perlaeta
1749 983 1897 1040 stabilitate
1924 1001 1975 1041 suo

351 1102 437 1159 aqua
461 1086 578 1157 quisque
592 1090 796 1153 tenuatamque
817 1080 920 1137 sensim
938 1080 1057 1150 rigorem
1072 1077 1135 1132 adei
1188 1074 1305 1130 creatori
1321 1072 1502 1128 adhaerentem
1530 1072 1641 1142 pulsare
1667 1075 1709 1127 rel
1735 1081 1841 1127 tentare
1860 1083 1973 1143 qrreunt,

350 1177 466 1243 emollit,
481 1183 509 1232 et
523 1176 550 1231 in
568 1172 755 1245 voluptatibus
769 1170 889 1227 dibienre
901 1169 986 1225 iacit?
1003 1168 1075 1235 Quid
1086 1166 1138 1222 bu·
1189 1164 1237 1221 sed
1250 1179 1360 1219 morere
1370 1163 1412 1217 vel
1428 1176 1527 1218 nocere
1541 1171 1690 1233 nequeant,
1706 1164 1770 1233 qrvia
1797 1164 1909 1219 lundata
1932 1175 1975 1220 est

351 1261 957 1332 ruina,nisiomrriumritiorurntorrens,sd
976 1259 1138 1315 movendam
1189 1270 1272 1326 snpra
1287 1261 1403 1325 petram,
1420 1252 1447 1308 id
1466 1261 1614 1311 estveram
1645 1255 1735 1319 idem,
1751 1265 1866 1324 spenret
1881 1257 1975 1312 ebari-

351 1358 411 1413 sire
422 1356 615 1413 destruendam
629 1356 699 1410 bane
711 1355 839 1409 virtuosae
850 1353 1008 1408 stabilitatis
1026 1352 1137 1406 deerunt
1188 1355 1270 1401 tatem
1286 1348 1329 1402 sui
1344 1347 1492 1411 creatoris.
1506 1363 1586 1417 (vutttt
1599 1348 1688 1413 delent.
1702 1362 1783 1416 uuam
1793 1364 1879 1417 stent.
1892 1362 1975 1417 quant

352 1445 549 1516 eorrglobatns?
559 1444 723 1512 Quidventi,
737 1443 790 1499 nisi
799 1442 977 1513 malignorum
990 1441 1136 1510 spirituum
1189 1438 1350 1493 charitatem
1364 1439 1461 1509 piprdt,
1474 1438 1561 1494 nutrit
1579 1446 1606 1494 ct
1616 1439 1735 1494 custodit
1756 1438 1782 1493 in
1798 1440 1875 1494 nobis
1887 1456 1902 1493 a
1919 1438 1976 1496 lieo

352 1537 468 1591 corasilia
479 1552 618 1608 perversa,
631 1551 691 1607 quae
702 1550 750 1605 per
770 1535 973 1591 sensualitatem
989 1532 1042 1588 sibi
1057 1530 1137 1585 iami-
1188 1528 1388 1584 nobisinsitnm
1397 1531 1626 1586 donnmdivinum
1634 1530 1688 1586 beo
1695 1531 1840 1587 similtinue
1848 1532 1972 1587 rationis.

352 1626 447 1682 barem
456 1628 630 1698 pedisequam
655 1625 764 1697 spiritui
780 1625 916 1687 bominis,
931 1638 1011 1693 quem
1027 1637 1138 1692 perter-
1189 1617 1306 1687 Explicit
1322 1621 1428 1675 liberale
1438 1622 1567 1692 corporis,
1587 1638 1710 1676 terruumr
1730 1633 1755 1678 et
1767 1624 1858 1676 anemis
1870 1623 1974 1676 stabili-

353 1719 410 1767 pem
420 1714 580 1777 moliuntur,
595 1714 654 1769 sinc
667 1713 869 1768 intermissione
883 1712 1041 1767 insibilant?
1224 1699 1278 1743 tate
1290 1692 1315 1743 in
1331 1694 1488 1746 rrraruuterio
1516 1692 1656 1762 Tepernree
1681 1708 1734 1748 mr.
1760 1692 1824 1747 bavi.
1852 1692 1971 1748 Decerub.

388 1799 601 1876 ¹“t1entcrergo
614 1804 721 1874 pluviae,
740 1802 989 1868 navarraearum
1006 1801 1138 1859 trarvcrif.
1223 1775 1293 1814 “mm
1308 1761 1384 1816 m³¹·

626 2052 1064 2168 ΔΝΟΝΥΜΙ
1102 2054 1711 2169 nummulorum

881 2224 945 2299 Qui
967 2223 1052 2286 eirea
1073 2226 1227 2288 saeculnm
1242 2242 1291 2286 ιιι
1312 2223 1441 2303 scripsit

593 2369 951 2490 brabantis
993 2370 1085 2482 DE
1128 2368 1264 2484 ESU
1300 2370 1749 2488 vetantium

492 2554 575 2619 Num
597 2555 624 2616 is
649 2553 684 2615 iu
705 2549 823 2629 nepam
847 2549 880 2611 S.
904 2545 1067 2608 Benedicti
1094 2545 1254 2607 cenobitis
1280 2549 1418 2628 [ortibus
1453 2559 1483 2613 et
1509 2554 1595 2614 sauir
1613 2555 1755 2618 irrdrtltur
1781 2561 1835 2623 rit.

671 2671 714 2743 ΙΙΙ.
735 2670 815 2725 nera
833 2667 942 2732 Petrus,
963 2667 1113 2721 Thesaurus
1129 2664 1268 2732 arrectae..
1281 2677 1302 2724 t.
1319 2666 1351 2736 ll,
1368 2679 1446 2741 parte
1461 2686 1496 2738 n,
1512 2672 1565 2728 col.
1582 2672 1658 2747 nto.)

1009 2884 1323 2978 montrum.

392 3111 460 3170 Cum
475 3107 666 3166 sanctissimus
680 3105 818 3175 legistator
828 3111 922 3159 noster
942 3100 1051 3174 negarat
1066 3119 1122 3160 suae
1136 3105 1224 3176 capite
1238 3105 1283 3168 ab,
1297 3111 1403 3160 eertum
1413 3105 1558 3174 quemdam
1569 3147 1576 3172 ,
1589 3107 1636 3179 qtri
1652 3122 1668 3163 a
1683 3111 1826 3170 monacbis
1843 3114 1902 3170 suis
1916 3131 1975 3187 per·

357 3192 440 3256 petuo
453 3182 480 3234 in
495 3180 555 3233 cibo
569 3187 595 3233 et
612 3183 676 3246 potu
687 3183 854 3236 servaretur,
875 3174 998 3236 modum,
1012 3180 1039 3228 et
1053 3174 1206 3230 eduliorum
1226 3190 1326 3244 gerrem
1340 3173 1418 3229 rellet
1429 3174 1593 3242 describere,
1609 3178 1652 3234 bis
1667 3187 1728 3249 post
1751 3182 1873 3252 qtraedam
1886 3188 1977 3244 verbis

357 3262 398 3308 est
409 3266 492 3306 usus:
509 3247 638 3303 Ceruium
657 3262 715 3300 uero
748 3243 928 3312 uadrupedum
948 3244 1054 3296 orrrrrirro
1079 3245 1112 3297 ab
1131 3245 1252 3299 orrrrribus
1267 3244 1432 3298 abstineantur
1446 3247 1581 3304 eorrvestio.
1606 3260 1703 3316 preter
1720 3255 1826 3307 arantino
1838 3253 1935 3310 debiles
1953 3269 1977 3312 et

357 3331 481 3393 eaproter.
492 3319 558 3385 Quae
569 3317 640 3373 beati
653 3263 791 3370 Benedicti
802 3313 935 3369 sententia
951 3313 1111 3368 incredibile
1123 3323 1182 3378 est,
1196 3323 1352 3385 urtavrtama
1368 3313 1463 3383 primis
1478 3315 1534 3371 lere
1545 3316 1651 3373 ordinis
1665 3321 1706 3375 sni
1719 3323 1827 3378 suculis
1841 3340 1928 3394 nsque
1943 3330 1978 3382 ad

357 3400 465 3448 aetamm
484 3396 606 3444 nostram
630 3385 793 3457 opinionum
814 3383 995 3438 diversitatem
1007 3385 1191 3505 (perseraveris
1213 3385 1274 3439 aliis
1286 3383 1513 3452 existimantibus,
1527 3401 1561 3441 eo
1580 3388 1698 3459 regulari
1722 3392 1832 3448 decreto
1853 3395 1978 3452 carrrirnn

359 3461 528 3519 celtrmmodo
542 3453 751 3528 qrtrvdrupedum,
768 3469 822 3508 non
839 3453 931 3507 itidem
945 3452 1006 3522 bipe
1027 3467 1072 3506 nm
1100 3458 1127 3508 ct
1144 3454 1290 3509 volatilium
1305 3467 1353 3508 esn
1379 3454 1521 3511 monacbis
1546 3456 1691 3525 interdiei;
1709 3461 1771 3515 aliis
1793 3473 1888 3517 eontra
1906 3465 1978 3521 aliir·

358 3530 509 3589 rnarrtibns,
518 3527 640 3581 onmium
654 3526 780 3580 universe
790 3522 914 3578 earnium
924 3522 1120 3577 comestionem
1135 3538 1167 3579 ea
1182 3522 1325 3579 uronaebis
1336 3523 1393 3593 lege
1408 3524 1556 3594 probiberi.
1566 3525 1696 3584 Rationes
1725 3531 1823 3596 artium
1834 3534 1880 3602 erari
1892 3550 1975 3592 nosse

358 3599 531 3660 desiderant,
547 3599 647 3651 adeant
667 3595 865 3664 amplissimum
881 3591 911 3647 Ρ.
928 3590 1061 3646 Edrnurrdi
1079 3591 1199 3649 blattene
1222 3593 1448 3647 commentarium
1464 3595 1491 3649 in
1517 3594 1647 3666 Regulam
1663 3597 1692 3653 S.
1747 3602 1865 3665 rvetlieti,
1882 3605 1927 3660 ubi
1943 3608 1977 3661 ad

358 3675 440 3739 caput
456 3666 490 3722 59
517 3682 549 3722 ca
564 3665 598 3720 de
614 3681 643 3720 re
668 3663 804 3718 cnrrvnlate
829 3662 967 3733 disputat,
981 3668 1009 3717 et
1023 3662 1130 3731 singola
1145 3662 1320 3719 defensorum
1335 3678 1400 3718 esus
1423 3663 1570 3721 volatilium
1587 3668 1660 3724 dicta
1676 3680 1809 3727 recenset.
1827 3671 1923 3729 Ounno
1943 3693 1978 3732 eu

358 3739 485 3794 recidunt
502 3755 508 3789 :
526 3737 554 3790 S.
570 3733 744 3790 Benedietmn
759 3748 814 3787 non
829 3732 980 3787 siueeansa
995 3738 1022 3786 et
1034 3735 1139 3788 ratione
1152 3734 1213 3788 ioco
1223 3733 1309 3787 citato
1323 3747 1421 3788 earnes
1432 3734 1630 3804 quadrupedum
1646 3741 1825 3808 expressisse,
1843 3758 1896 3797 non
1908 3761 1978 3815 qaro-

359 3821 530 3876 rnmeonuoe
550 3804 725 3866 aninralinnr;
740 3804 833 3873 itaque
849 3807 1002 3868 vescentem
1016 3800 1172 3858 rolutitibus
1186 3802 1215 3857 S.
1230 3801 1378 3857 Benedicta
1394 3819 1565 3875 neqrraquam
1579 3807 1730 3865 adversari.
1748 3809 1821 3865 idem
1837 3806 1977 3871 monacbis

360 3880 387 3932 in
405 3878 522 3932 concilio
536 3872 750 3945 aquisgranensi
770 3871 909 3926 Ludorico
919 3869 967 3925 Pio
979 3869 1143 3940 imperatore
1158 3873 1290 3926 indultam
1302 3871 1398 3928 luisse.
1412 3870 1571 3930 Generalem
1586 3879 1785 3933 coevrobitarum
1801 3886 1977 3939 consuetudi·

360 3964 421 4003 nem
436 3956 463 4002 et
478 3946 650 4015 praelatorum
667 3943 899 4012 dispensationem
915 3940 1049 4009 ejusruodi
1062 3941 1208 4012 atrcupium
1226 3941 1331 3996 licitum
1345 3941 1454 3998 iecisse.
1468 3943 1589 4015 [tetrique
1606 3948 1734 4015 liquidum
1750 3966 1805 4004 erre
1825 3960 1879 4005 tarn
1893 3956 1977 4020 pisces

359 4034 438 4084 auara
452 4016 568 4069 uolracres
584 4030 616 4068 ea
641 4014 716 4082 aureis
730 4020 880 4080 procreator
902 4008 997 4063 ltaiera
1013 4026 1123 4080 corpora
1138 4010 1254 4081 ejusdem
1267 4023 1381 4076 naturae,
1400 4029 1446 4066 aec
1460 4023 1561 4068 tautam
1574 4016 1623 4070 rim
1635 4015 1758 4073 lturreauis
1776 4023 1927 4089 corporibus
1943 4026 1977 4078 od

359 4084 547 4141 lasciviendum
562 4100 654 4137 carues
666 4083 811 4135 volatilium
823 4082 984 4140 ruirrr'strare,
992 4091 1118 4151 quaenam
1129 4097 1221 4135 carrica
1234 4083 1396 4135 terrestrium
1408 4085 1593 4149 arietantium,
1609 4102 1667 4156 qua
1681 4104 1739 4140 eum
1750 4093 1846 4144 reostrt's
1862 4097 1977 4160 corpori.

360 4157 407 4211 ius
427 4155 542 4225 ejusdem
564 4164 668 4207 tratura·
683 4153 746 4213 rint,
763 4158 792 4206 nt
807 4151 986 4205 ratiocinatur
1007 4149 1275 4207 tretrnstbaetaatas
1291 4151 1451 4219 Etruriam
1468 4151 1581 4209 ilerum.
1612 4157 1683 4224 apud
1696 4156 1847 4212 ilarvenne'r
1863 4160 1890 4213 in
1908 4162 1975 4218 Tbe-

360 4243 440 4280 rauro
465 4242 529 4280 atauo
542 4223 734 4277 Arrecdotornm
755 4228 821 4277 torn.
836 4218 869 4282 V,
885 4220 938 4274 eol.
957 4220 1035 4275 ¹588.
1051 4219 1107 4275 llas
1127 4237 1223 4276 omnes
1237 4222 1359 4290 aliasque
1376 4223 1467 4291 plures
1481 4224 1650 4280 antinomias
1664 4227 1752 4282 relide
1769 4228 1866 4282 rer‘ettt
1880 4240 1976 4289 auctor

360 4297 442 4363 brajers
456 4294 568 4364 dialogi,
594 4293 817 4361 demonstratque
832 4290 936 4344 rruilnm
951 4306 1045 4343 sarrana
1059 4300 1083 4343 et
1106 4289 1231 4345 raietttem
1256 4291 1412 4345 cauabitmn
1434 4301 1480 4345 aut
1500 4293 1648 4348 natatilibus
1662 4297 1738 4357 uesci,
1755 4307 1801 4350 aru
1818 4302 1911 4369 rapina
1925 4305 1975 4369 uti,

359 4368 422 4431 prtia
437 4365 542 4434 Reperio·
560 4362 590 4419 S.
607 4360 740 4416 Benedicti
754 4361 942 4429 pruraricotor
962 4360 1069 4415 existat.
1084 4359 1162 4426 Quod
1187 4360 1209 4416 si
1225 4361 1269 4416 cui
1290 4363 1377 4416 nostri
1397 4362 1526 4431 tenrporis
1547 4365 1689 4419 eterrobine
1700 4367 1879 4436 displicuerit,
1892 4387 1977 4441 eaqrre

361 4443 472 4505 propter
486 4436 509 4488 is
531 4448 626 4505 parurn
639 4432 814 4502 prudentera
831 4431 910 4484 nobis
934 4428 1036 4483 lactum
1057 4431 1206 4495 censuerit,
1225 4430 1298 4501 qued
1318 4432 1453 4500 ejusmodi
1476 4432 1582 4487 libellos
1597 4438 1802 4504 protuleriums,
1829 4438 1856 4491 in
1875 4442 1976 4509 quibus

361 4506 541 4575 receptissimi
557 4504 645 4558 aetatis
659 4509 759 4556 trustra
770 4515 861 4556 errores
872 4507 899 4555 et
917 4499 1111 4570 rrvlgatissirnae
1126 4501 1341 4557 eonsuetudines
1356 4501 1591 4570 reprehendantur
1608 4523 1614 4558 :
1638 4505 1661 4559 is
1679 4507 1791 4574 cogitet,
1808 4522 1858 4562 nos
1874 4512 1975 4566 rrerrrrini

361 4575 457 4646 legem,
470 4574 594 4642 adquam
607 4573 689 4625 vitam
704 4571 794 4640 erigat
805 4609 812 4633 ,
825 4568 1013 4640 praescribere,
1029 4570 1076 4623 scd
1092 4570 1235 4626 ostendere
1251 4569 1449 4634 tantummodo,
1464 4572 1510 4641 qui
1531 4577 1619 4627 sancti
1633 4573 1677 4629 bei
1695 4576 1820 4632 lrurrvines
1833 4579 1866 4631 dc
1878 4579 1976 4649 lrtvjus-

361 4645 434 4698 rrrodi
450 4644 532 4698 rebus
548 4641 775 4702 existimaverint,
792 4641 921 4694 voluisse.
937 4639 1113 4718 Superiornm
1128 4640 1181 4694 erit
1196 4640 1349 4709 expendere
1362 4649 1485 4695 ueterum
1500 4640 1574 4695 dicta
1589 4651 1616 4697 et
1635 4653 1783 4710 vnomenta,
1800 4649 1977 4720 epirotidieqne

361 4715 479 4784 amptius
493 4715 598 4776 conari,
622 4718 651 4766 ut
669 4725 700 4764 ea
724 4708 837 4779 ilegnla,
862 4710 906 4763 cui
933 4716 959 4763 et
977 4709 1029 4778 rpsi
1041 4717 1068 4763 et
1081 4709 1207 4764 monarbi
1224 4717 1289 4764 sunt
1312 4709 1438 4776 subjecti,
1456 4725 1510 4764 non
1526 4714 1676 4766 secuudum
1701 4713 1777 4768 laxas
1793 4721 1976 4774 recentiorum
2002 4774 2005 4780 ,

362 4784 611 4854 interpretationes,
628 4779 675 4836 sed
687 4780 838 4834 secundnm
852 4780 921 4834 scitu
934 4779 1067 4846 vrrajorum
1083 4786 1110 4833 et
1123 4779 1247 4833 doctrina
1263 4781 1463 4848 sanctitateque
1483 4780 1722 4836 celeberrimorum
1740 4785 1880 4840 bominum
1895 4803 1975 4843 usum

361 4853 640 4920 consuetudinemque
652 4857 785 4904 servetur.
803 4849 843 4901 ald
861 4849 917 4902 trare
939 4861 1083 4919 semperne
1104 4848 1138 4902 ad
1158 4850 1226 4904 olias
1243 4851 1368 4903 earnium
1393 4849 1559 4918 sedebimus,
1575 4866 1592 4904 o
1607 4853 1687 4906 boni?
1709 4853 1856 4922 Sernperne
1882 4859 1977 4916 surdis

361 4923 444 4977 veluti
460 4923 572 4975 auribus
594 4920 661 4974 adeo
680 4918 835 4988 perspicua,
851 4927 878 4972 et
889 4916 1008 4973 sarlubriu
1021 4917 1188 4972 servetissinri
1203 4917 1293 4972 Patris
1307 4918 1394 4973 nostri
1406 4918 1515 4973 decretu
1530 4921 1563 4974 de
1584 4920 1745 4989 abja-ieratis
1764 4925 1893 4981 carceribus
1908 4943 1976 4996 prae·

361 4993 524 5047 teribimus‘?
538 4991 652 5045 Nullane
667 5002 730 5056 spes
746 4988 876 5057 supersit,
894 4987 1234 5042 intantanecessariarum
1251 4987 1511 5055 eorrrmodarnmaue
1521 5004 1612 5043 rerum
1627 4991 1705 5062 centia
1717 5000 1833 5047 reterem
1850 4996 1975 5051 tristissi-

362 5076 488 5130 mamque
503 5061 632 5115 carnibus
655 5057 810 5111 abstinendi
835 5056 1059 5112 consuetudinem
1086 5057 1284 5125 recuperandi?
1307 5055 1399 5111 biv-ent
1428 5059 1507 5112 uobis
1534 5058 1585 5113 boc
1609 5059 1669 5115 loco
1697 5063 1786 5116 rerbis
1804 5061 1977 5119 Venerabilis

361 5129 446 5196 i‘etri,
459 5131 553 5199 uuarvti
578 5129 647 5183 riri!
664 5126 760 5181 utilib.
774 5143 812 5189 rr,
827 5127 908 5195 epist.
923 5126 956 5180 ΙΙΙ
971 5125 1049 5195 iterius
1067 5127 1175 5195 capituli
1190 5126 1235 5195 (59
1250 5125 1359 5196 ilegulae
1383 5126 1412 5182 S.
1428 5126 1577 5199 Benedicti)
1598 5132 1781 5198 pravaricatio
1802 5148 1854 5200 qua
1873 5135 1976 5188 ratione

361 5202 550 5254 excusabitur?
564 5198 623 5264 Qrva
638 5213 719 5250 eausa
737 5212 822 5264 sospes
834 5205 858 5249 et
874 5195 981 5265 intepuit
995 5196 1092 5250 uiribus
1107 5196 1250 5250 rnouaclrur
1262 5197 1387 5250 corruitur
1399 5207 1472 5250 utem
1485 5215 1543 5252 reus
1555 5214 1605 5252 rroa
1619 5216 1674 5253 tuse
1689 5201 1898 5258 rrrorutralritrr?
1914 5202 1975 5268 Dic,

379 5286 461 5336 utero,
475 5272 498 5322 si
507 5269 569 5340 quid
578 5267 668 5331 itales,
679 5276 703 5320 et
720 5264 767 5338 [si]
781 5266 818 5319 aii
836 5282 870 5318 ua
886 5282 945 5320 reru
955 5265 994 5318 rel
1009 5264 1157 5319 reririmilit
1181 5266 1250 5320 ratio
1262 5275 1312 5328 ert,
1327 5267 1416 5320 carnit
1432 5267 1487 5330 tibi,
1500 5268 1524 5320 ri
1536 5278 1608 5335 protea
1622 5270 1735 5325 uindice.
1749 5267 1810 5323 Nou
1821 5270 1909 5334 lenies,
1923 5289 1976 5328 nou

360 5286 452 5403 itales,
468 5344 585 5408 inquam,
597 5347 625 5390 ut
641 5337 755 5400 tertiato,
770 5283 834 5406 qunti
845 5337 937 5398 dicat:
952 5352 1002 5389 nau
1016 5334 1095 5388 bader
1110 5335 1197 5403 piane,
1217 5334 1286 5388 uude
1299 5336 1409 5403 periurii
1423 5352 1536 5400 uo'uuru,
1556 5354 1588 5391 ue
1599 5337 1697 5398 dicam,
1713 5354 1810 5393 uorum
1824 5355 1949 5411 erpurper
1965 5356 1974 5394 :

361 5408 449 5462 obviat
463 5408 573 5530 ilipula,
587 5405 743 5460 corrtradieit
752 5406 870 5475 justitia.
887 5403 1149 5460 ilcccsanetissirnns
1160 5405 1245 5459 abbas
1260 5405 1458 5460 cluniacensis.
1472 5404 1554 5460 Plura
1569 5407 1597 5461 in
1614 5407 1684 5463 banc
1697 5424 1751 5464 rem
1766 5409 1820 5462 alio
1833 5410 1893 5462 loco
1943 5426 1977 5464 o-

362 5479 492 5533 leremus.
519 5478 616 5532 nterim
630 5475 670 5529 rei
687 5476 763 5531 solus
783 5475 826 5529 bic
840 5472 978 5545 Dialogus,
999 5489 1079 5545 quem
1106 5489 1179 5528 rrurre
1196 5473 1295 5545 publici
1318 5474 1390 5543 iuris
1410 5474 1535 5534 iacimus.
1554 5477 1621 5532 ruis
1640 5478 1819 5532 accuratioris
1842 5480 1976 5550 regnaris

361 5547 541 5602 observantiae
561 5546 691 5601 studiosis
706 5545 739 5599 ad
755 5545 883 5598 irnitmnta
895 5544 1025 5614 preclara
1042 5549 1162 5598 reterum
1179 5543 1301 5612 exempla
1317 5550 1360 5598 sat
1371 5543 1474 5598 stirrurii
1494 5545 1583 5601 addet.
1607 5546 1672 5600 Eum
1692 5563 1726 5601 ex
1751 5548 1892 5617 codicibus
1905 5564 1973 5606 nrss.

360 5617 531 5672 bibliothecae
545 5615 734 5670 Gcnrnicensis
744 5621 772 5670 et
790 5614 953 5670 ilellicensis
966 5620 1150 5668 trecentorum
1161 5628 1295 5667 annorum
1319 5612 1428 5668 daturus.
1445 5616 1522 5671 Alius
1537 5618 1652 5686 insgnis
1667 5616 1859 5672 menrbranens
1875 5619 1974 5680 codex,

360 5686 488 5742 ducentis
502 5686 613 5741 circiter
629 5685 708 5738 arturis
722 5684 861 5754 antiquior
873 5690 961 5739 exstat
979 5684 1006 5738 in
1022 5682 1183 5738 bibliotheca
1196 5680 1390 5747 Gotnricensi,
1416 5698 1478 5738 curn
1493 5700 1547 5753 apro
1561 5695 1650 5740 tamen
1661 5687 1696 5742 ob
1711 5687 1788 5741 triste
1806 5687 1977 5751 incendium,

360 5772 417 5826 qno
432 5764 517 5810 totum
529 5755 723 5809 veronosterium
739 5753 926 5824 conflagravit,
940 5763 968 5809 et
982 5767 1154 5807 conmmnem
1167 5753 1229 5806 inde
1245 5767 1334 5806 rerum
1348 5754 1594 5821 perturbationem,
1609 5764 1730 5811 nostrum
1747 5757 1893 5812 editionem
1908 5774 1976 5812 con·

362 5830 434 5880 t'crre
445 5842 499 5880 non
513 5825 597 5878 licuit.
611 5823 769 5892 Porroquis
783 5823 916 5894 elegantis
926 5821 1057 5894 Opusculi
1073 5832 1169 5877 auctor
1183 5823 1275 5880 tuterit,
1292 5821 1415 5876 diuinare
1430 5824 1548 5878 rrorrdurn
1565 5827 1713 5892 pertonans.
1729 5825 1864 5894 Suspicati
1879 5841 1977 5881 surum

361 5895 519 5963 aliquandiu
540 5893 687 5948 lionorinm
712 5896 985 5965 bragvrstodunensem
1009 5906 1080 5953 esse,
1097 5901 1126 5946 ut
1143 5892 1187 5946 cni
1204 5891 1336 5945 l'uvrriliare
1352 5891 1442 5956 luerit,
1468 5902 1657 5963 atrpvrnrentum
1685 5895 1841 5964 scriptionis
1867 5895 1978 5963 viialergo

359 5979 508 6033 exponere,
525 5966 614 6038 irrqvvo
627 5964 775 6086 interropta
790 5962 951 6034 discipulus,
966 5958 1096 6032 ilopirter
1108 5961 1280 6031 respondeat.
1295 5961 1433 6016 drrnueret
1444 5963 1525 6016 etiarn
1541 5971 1607 6019 aetus
1620 5964 1748 6019 lrovninis.
1761 5962 1830 6018 Nutu
1844 5981 1906 6018 carru
1923 5965 1974 6017 sub

360 6032 443 6087 tinem
457 6034 548 6102 operis
560 6035 683 6103 Gregorii
702 6033 733 6088 ΙΙΙ
759 6075 765 6097 ,
783 6034 857 6088 rrvrllo
878 6040 969 6087 autem
990 6033 1050 6086 loco
1065 6028 1214 6085 lnrroeentii
1232 6029 1274 6092 nt,
1288 6029 1398 6086 lionorii
1412 6029 1455 6095 ΙΙΙ,
1471 6039 1518 6086 ant
1533 6031 1656 6102 Gregorii
1673 6032 1718 6094 ΙΧ.
1733 6048 1850 6159 «herenna
1867 6033 1901 6087 de
1924 6047 1975 6087 esu

360 6105 486 6158 carrrinm
509 6104 728 6167 constitutiones,
746 6103 849 6160 auctori
867 6111 961 6158 nostro
987 6115 1116 6173 perqumn
1131 6100 1281 6158 corvurrodae
1297 6102 1459 6157 accidissent
1483 6103 1648 6170 rrrerninerit,
1679 6103 1723 6158 ris
1759 6104 1856 6158 abituri
1875 6112 1975 6173 potes,
