5125 7059
358 741 413 798 nst
957 736 1121 797 lliSTORld
1136 738 1383 800 anniceristtht.
1835 759 1838 771 ·
1861 729 1864 734 ’
1931 737 1986 796 6118

362 856 438 926 ipsas
451 852 562 924 quidem
577 851 707 910 accedere
729 858 865 923 poterant.
882 849 941 906 lion
954 852 1044 909 solum
1059 865 1149 909 autem
1164 856 1188 914 Α
1202 853 1295 925 iniqua
1314 854 1419 910 rabies!
1436 868 1454 910 o
1470 853 1619 911 crudelitas
1633 853 1770 912 inaudita!
1791 849 1985 910 Pervenientes

358 949 406 1004 illa
420 947 466 1004 die
476 947 603 1003 exerunt
620 946 770 1002 adversarii
791 955 885 1001 contra
900 956 1021 1012 nostros,
1035 947 1082 1002 sed
1096 961 1145 1017 per
1196 948 1296 1017 sapius
1314 947 1380 1002 dicti
1396 949 1530 1018 peregrini
1549 948 1584 1004 ad
1599 950 1725 1004 comitem
1742 947 1789 1018 qni
1805 955 1865 1002 erat
1887 946 1915 1001 in
1930 946 1982 1002 ob-

358 1040 461 1095 rnultas
475 1038 547 1095 sices
569 1038 689 1104 exibant,
712 1029 891 1107 nostrosque,
908 1046 989 1108 prout
1010 1049 1144 1108 poterant,
1197 1040 1305 1097 sidiunc
1317 1038 1426 1104 Penne,
1441 1041 1476 1096 ah
1487 1057 1521 1096 eo
1538 1058 1601 1098 cunr
1625 1042 1726 1113 ingenti
1739 1041 1840 1114 gaudio
1859 1049 1925 1096 sunt
1937 1054 1986 1096 str-

358 1130 536 1185 iniestabant.
552 1129 618 1185 Erat
635 1129 661 1184 in
683 1129 826 1185 obsidione
846 1129 890 1182 illa
907 1128 1069 1185 venerahilis
1085 1130 1145 1200 epi·
1196 1134 1291 1204 scepti‚
1312 1133 1459 1205 statimque
1476 1134 1570 1191 diuisis
1586 1135 1801 1205 circumquaque
1816 1132 1983 1205 agminibus,

357 1238 459 1292 scopus
472 1222 659 1288 Carcassonae,
674 1221 774 1291 dequo
789 1222 889 1291 sepius
903 1220 1067 1276 mentionem
1080 1221 1146 1277 ieci·
1194 1228 1278 1282 lisere
1301 1226 1417 1282 tentoria
1442 1242 1527 1298 prope
1541 1238 1672 1282 castrum.
1694 1223 1794 1282 Comes
1812 1235 1904 1281 autent
1920 1238 1985 1280 cum

357 1330 432 1381 11115,
448 1324 540 1385 111611
564 1330 627 1369 cunr
650 1329 693 1368 0⁰·
716 1311 766 1368 1111
791 1313 819 1368 11
840 1311 1146 1379 111111110011111,11θ
1195 1320 1252 1375 suis
1269 1318 1403 1374 militibus
1422 1319 1529 1374 obsedit
1549 1328 1667 1374 castrum
1689 1326 1797 1387 aparte
1816 1315 1983 1381 occidentis;

356 1405 488 1461 mandato
506 1405 704 1476 archiepiscopi
716 1403 912 1472 Narbonensis,
925 1405 972 1475 qni
992 1405 1081 1460 lucrat
1094 1405 1145 1460 ah-
1196 1405 1223 1460 iu
1242 1405 1287 1461 iila
1301 1405 1374 1462 enim
1391 1416 1466 1475 parte
1482 1418 1561 1462 erant
1575 1407 1708 1461 machine
1721 1413 1822 1462 nostrae
1835 1405 1984 1476 adaptatam

356 1500 407 1556 has
422 1499 624 1565 cisterciensis,
638 1508 666 1556 et
679 1511 737 1558 erat
749 1501 865 1569 legatus,
880 1502 950 1558 sient
964 1503 1089 1572 superius
1103 1510 1146 1558 est
1195 1497 1285 1554 Gurdo
1299 1513 1367 1554 nero
1380 1496 1465 1554 irater
1477 1499 1601 1562 comitis,
1618 1498 1653 1553 ab
1667 1499 1719 1553 alra
1731 1509 1818 1569 parte,
1832 1499 1935 1555 scilieet
1948 1498 1985 1554 ab

357 1593 541 1661 praemissum,
557 1595 614 1648 vice
631 1594 747 1664 intigens
764 1593 856 1664 legati,
873 1594 900 1647 in
914 1593 1021 1650 iervore
1033 1593 1145 1664 spiritus
1195 1591 1310 1659 oriente,
1331 1591 1391 1646 lixit
1411 1593 1537 1660 tentoria,
1553 1600 1581 1648 et
1598 1591 1626 1646 in
1647 1592 1693 1646 illa
1708 1603 1785 1661 parte
1798 1592 1907 1663 erigens
1927 1606 1986 1647 nia-

358 1680 507 1749 indeiesso,
527 1683 555 1737 in
580 1684 673 1738 labore
696 1684 822 1753 corporis
847 1683 1011 1749 incredibili,
1026 1684 1144 1741 otlieium
1194 1681 1316 1747 chinam,
1332 1681 1416 1752 coepit
1435 1691 1463 1737 et
1481 1682 1538 1753 ipse
1551 1692 1672 1739 castrum
1692 1680 1799 1738 sortiter
1811 1683 1983 1752 impugnare.

357 1776 570 1844 predicationis,
584 1784 737 1846 caeteraque
749 1778 783 1832 atl
796 1777 967 1833 obsidionem
982 1777 1145 1847 pertinentia
1195 1773 1265 1840 outa
1281 1774 1379 1845 piarat
1396 1772 1559 1845 Multiplices
1577 1775 1667 1831 adhue
1681 1774 1826 1845 eriguntur
1839 1773 1983 1842 machine,

356 1869 470 1924 sedulus
491 1869 651 1937 exercebat;
666 1879 697 1925 ut
711 1869 828 1925 breviter
842 1871 1032 1939 dieam,tanto
1048 1881 1145 1928 ettam
1195 1866 1300 1923 instant
1321 1869 1409 1924 nostri
1431 1866 1631 1939 impugnationi
1654 1869 1738 1925 castri
1760 1885 1767 1920 ι
1792 1875 1870 1923 erant
1891 1875 1983 1922 autern

357 1963 524 2031 importabili
552 1978 680 2018 curarum
712 1963 764 2018 sibi
796 1963 911 2019 inuicem
940 1963 1146 2020 succedentium
1196 1958 1268 2015 circa
1287 1961 1371 2016 castri
1399 1960 1546 2015 circuitum
1570 1975 1668 2015 norem
1696 1959 1831 2015 machinae
1862 1969 1983 2016 erecte:

355 2057 477 2126 pondere
491 2056 690 2126 premebamur,
704 2056 777 2126 quod
793 2056 835 2110 vit
850 2055 948 2111 licebat
962 2056 1146 2113 nobiscomc·
1195 2060 1224 2109 et
1246 2052 1312 2123 quia
1336 2051 1429 2107 omnia
1451 2066 1512 2122 quae
1536 2052 1631 2107 inilia
1654 2052 1798 2108 obsidione
1821 2060 1897 2122 gesta
1921 2061 1986 2107 sunt

355 2149 432 2213 dere,
448 2147 493 2202 vix
510 2147 647 2202 modicum
667 2162 793 2218 pausare.
807 2146 862 2202 Nee
883 2147 1142 2216 pretermittendum
1196 2142 1337 2214 sigillatim
1358 2142 1515 2214 exprimere
1538 2160 1593 2201 aon
1609 2144 1744 2213 calemus,
1765 2144 1934 2218 attingamus
1950 2144 1985 2200 ad

353 2239 442 2309 quod,
453 2240 518 2294 dnm
537 2251 610 2298 esset
629 2255 722 2296 comes
737 2241 765 2295 in
782 2240 924 2296 obsidione
934 2239 1044 2309 Pennas,
1060 2257 1143 2298 rene·
1158 2219 1180 2274 B
1194 2250 1311 2291 summa·

355 2341 422 2387 runt
436 2333 469 2388 ad
482 2349 545 2389 euin
560 2350 657 2390 omnes
671 2334 776 2391 nobiles
795 2344 874 2390 terrae
893 2334 979 2400 illins,
994 2343 1022 2391 et
1038 2333 1144 2391 lacien-
1231 2323 1334 2381 11111111
1353 2341 1445 2383 comet
1463 2335 1558 2383 noster
1571 2327 1644 2398 quod
1665 2327 1800 2384 macltittae
1815 2335 1915 2382 noslrae
1928 2341 1984 2382 nort

353 2433 398 2480 tes
413 2424 439 2480 ei
458 2425 622 2491 hominium,
637 2433 802 2495 aeceperunt
817 2425 899 2482 abeo
916 2436 1090 2483 terrassuas.
1193 2426 1319 2489 poterant
1344 2418 1453 2475 diruere
1477 2434 1588 2474 murum
1610 2423 1705 2486 castri,
1732 2417 1796 2474 lecit
1820 2418 1878 2473 lieri
1903 2418 1985 2473 aliam

392 2515 463 2571 bum
478 2532 522 2572 res
543 2517 580 2572 ita
599 2531 629 2571 :a
650 2516 771 2584 haberet,
796 2517 885 2575 Guido
909 2518 944 2574 de
962 2517 1142 2589 lionis-lorti,
1193 2508 1461 2581 1111111111111181
1482 2525 1537 2581 l)rie
1557 2510 1664 2565 11111111
1684 2508 1984 2581 111111511111111111·

354 2608 440 2664 irater
456 2609 566 2665 comitis
580 2610 678 2676 nostri,
698 2620 726 2666 et
745 2610 969 2682 archiepiscopus
989 2609 1143 2668 liothoma·
1194 2604 1237 2660 nis
1251 2622 1258 2658 :
1273 2615 1301 2660 et
1312 2604 1378 2660 dutn
1391 2604 1518 2660 machina
1531 2603 1576 2659 illa
1589 2614 1743 2673 pararetur,
1760 2603 1985 2674 archiepiscopus

355 2701 450 2770 gensis
465 2698 612 2767 liebertus,
625 2709 653 2755 et
670 2701 774 2756 clectus
789 2699 981 2758 Lauduueosis
993 2701 1142 2774 liebertus,
1193 2696 1435 2769 liotltomagensis,
1456 2705 1484 2752 et
1507 2697 1611 2752 electus
1637 2694 1828 2751 Laudunensis
1849 2704 1876 2751 et
1894 2694 1986 2750 caeteri

353 2802 383 2847 et
392 2792 771 2851 Gnillelmnsarchidiaronus
782 2792 957 2862 Parisiensis,
967 2804 994 2850 et
1003 2795 1145 2868 lngerrari·
1193 2791 1240 2863 qui
1261 2807 1324 2847 cum
1346 2790 1387 2846 eis
1400 2800 1489 2858 erant,
1508 2790 1616 2860 expleta
1638 2790 1811 2860 quadragena
1832 2803 1892 2854 sua,
1908 2802 1985 2844 rece·

355 2885 457 2940 tresde
471 2883 555 2949 Bova,
572 2886 615 2940 cui
630 2900 724 2942 comes
740 2895 833 2942 noster
848 2886 1022 2958 jampridem
1041 2898 1142 2946 terram
1193 2884 1257 2940 dere
1281 2883 1426 2950 uolebant;
1452 2882 1569 2954 singulis
1596 2883 1679 2939 etiam
1707 2882 1820 2947 diebus,
1849 2881 1984 2951 completa

352 2976 466 3031 coniitis
483 2974 552 3030 Furi
572 2991 621 3046 pro
637 2988 714 3047 parte
729 2989 914 3046 concesserat,
929 2981 1076 3052 pluresque
1096 2982 1143 3038 alii
1192 2976 1368 3048 quadragena
1382 2975 1545 3032 recedebant
1563 2975 1709 3047 peregrini.
1729 2974 1877 3030 veniebant
1893 2981 1985 3030 autem

354 3067 502 3139 peregrini,
528 3072 630 3139 egressi
658 3086 675 3124 a
701 3070 885 3136 liarcassoua,
911 3088 1009 3129 versus
1041 3083 1142 3131 terrain
1192 3070 1261 3125 nulli
1283 3079 1332 3126 aut
1352 3069 1523 3140 paucissimi.
1549 3067 1645 3126 Sciens
1671 3068 1753 3141 igitur
1774 3081 1867 3124 eomes
1891 3075 1985 3123 noster

353 3158 510 3215 i'usensem
526 3176 555 3216 se
568 3163 764 3218 transtulerant
778 3172 805 3218 et
817 3176 947 3221 venerant
957 3166 991 3222 ad
1004 3167 1142 3238 quoddam
1192 3163 1266 3234 quod
1277 3162 1358 3233 quasi
1372 3162 1448 3219 solus
1461 3163 1631 3230 remanebat,
1645 3162 1672 3216 in
1691 3162 1776 3217 inulta
1791 3159 1918 3232 angustia
1933 3174 1985 3230 po·

353 3261 477 3308 castrum
492 3255 565 3323 quod
580 3255 680 3310 dicitnr
694 3258 885 3325 niictanetnm,
899 3260 972 3330 quod
988 3259 1079 3315 statim
1095 3274 1143 3330 per
1193 3255 1274 3322 situs,
1290 3255 1407 3312 accessit
1420 3255 1454 3310 ad
1470 3255 1588 3326 majores
1606 3255 1758 3317 exercilus,
1773 3260 1802 3308 ei
1819 3251 1985 3324 supplicavit

353 3346 488 3402 insultum
509 3347 533 3401 vi
547 3349 696 3418 capientes,
717 3351 810 3407 hostes
824 3352 871 3422 qui
891 3353 918 3407 in
931 3369 965 3409 eo
979 3363 1058 3408 erant
1071 3354 1144 3410 ceci·
1194 3363 1229 3404 ae
1243 3346 1347 3405 Christi
1369 3347 1522 3419 negotium,
1538 3348 1566 3403 in
1590 3355 1665 3403 tanta
1687 3347 1849 3403 necessitate
1873 3347 1984 3403 ‹lesere-

353 3435 476 3493 derunt:
492 3440 565 3509 quod
581 3441 722 3497 audientes
735 3441 773 3497 illi
787 3443 834 3512 qui
848 3454 927 3501 erant
946 3447 973 3500 in
989 3447 1088 3501 castris
1103 3445 1143 3500 ri·
1194 3451 1264 3510 rent,
1277 3442 1325 3499 sed
1336 3442 1426 3498 adhuc
1440 3456 1489 3512 per
1499 3440 1701 3511 aliquantulum
1717 3441 1849 3512 temporis
1864 3441 1984 3512 spatium

353 3529 436 3594 ciuis,
450 3530 561 3587 castella
581 3548 630 3588 sua
649 3536 787 3589 tradentes
809 3536 946 3601 incendio,
967 3553 982 3592 a
1005 3536 1077 3593 lacie
1093 3552 1177 3635 no-c
1193 3542 1369 3590 morarentur
1380 3551 1388 3588 ι
1400 3534 1542 3590 dicebatur
1561 3543 1652 3590 autern
1670 3533 1744 3606 quod
1763 3534 1910 3592 multitudo
1923 3549 1985 3590 ma·

353 3631 475 3680 strorum
489 3624 636 3696 lugerunt;
653 3628 740 3682 nostri
755 3643 820 3683 vero
833 3638 925 3685 castra
937 3631 982 3685 illa
997 3631 1143 3702 perambu·
1193 3642 1247 3699 gna
1261 3627 1468 3698 peregrinorum
1483 3625 1596 3682 veniens
1615 3642 1630 3680 a
1654 3625 1768 3683 Francia
1790 3635 1850 3683 erat
1864 3626 1984 3683 Carcas-

353 3718 464 3785 lantcs,
485 3735 518 3774 ea
543 3719 665 3776 lunditus
688 3722 856 3778 evertebant.
880 3722 945 3779 lude
961 3717 1142 3794 procedentes
1193 3735 1279 3787 sonte,
1296 3729 1324 3776 et
1338 3735 1402 3775 rere
1417 3719 1458 3774 sic
1477 3727 1546 3774 erat.
1570 3716 1627 3775 llec
1642 3720 1778 3776 silendum
1791 3719 1863 3790 quod
1879 3733 1984 3791 prepo-

352 3827 452 3868 tersus
468 3810 608 3879 Tolosam,
630 3823 720 3870 castra
745 3816 830 3870 multa
857 3826 885 3872 et
908 3816 1058 3873 lor-tissima
1081 3834 1143 3890 quae
1191 3813 1263 3870 situs
1285 3810 1469 3876 Coloniensis,
1487 3825 1639 3882 omnesque
1662 3811 1818 3877 Alemanni,
1837 3812 1885 3881 qui
1904 3809 1983 3866 multi

352 3905 484 3960 derelicta
497 3915 575 3960 erant
588 3921 674 3961 sacua
692 3909 799 3977 poenitus
813 3909 1008 3966 destruxerunt
1019 3929 1026 3967 ε
1038 3927 1072 3966 ex
1086 3924 1142 3982 quo
1191 3916 1220 3964 et
1233 3905 1338 3962 nobiles
1352 3919 1415 3959 eum
1433 3919 1467 3960 eo
1489 3913 1517 3960 et
1539 3913 1603 3974 post
1624 3919 1687 3960 euin
1712 3913 1858 3971 venerant,
1875 3904 1933 3976 lant
1947 3905 1984 3962 al)

353 3998 437 4052 etiam
461 4007 593 4067 ceperunt
615 3999 807 4067 hnclanetum,
830 4019 884 4058 non
906 4003 1071 4060 inuenerunt
1093 4006 1142 4076 qui
1191 4001 1313 4058 exercitu
1329 4006 1510 4057 recesserant.
1522 3997 1645 4054 Audiens
1661 3997 1766 4054 electus
1779 3996 1983 4064 bardunensis,

352 4093 469 4148 auderet
482 4108 540 4158 eos,
558 4093 586 4147 in
609 4093 702 4164 aliquo
724 4105 816 4151 castro
838 4095 900 4152 licet
920 4096 1073 4154 fortissimo
1093 4113 1143 4155 ex·
1192 4109 1288 4165 preces
1304 4093 1413 4149 comitis
1428 4108 1484 4149 non
1499 4090 1659 4158 esartdivit;
1676 4090 1723 4146 sed
1737 4089 1884 4161 qnamdam
1907 4090 1984 4145 inllr·

354 4193 480 4257 spectare
508 4201 515 4237 :
539 4185 622 4240 timor
644 4188 746 4260 quippo
769 4206 886 4261 magnus
917 4191 1034 4248 irruerat
1060 4209 1144 4264 snper
1191 4186 1314 4241 mitatem
1326 4185 1494 4255 pretendens
1510 4184 1586 4239 nullo
1600 4183 1682 4239 medo
1696 4183 1785 4254 potuit
1796 4183 1985 4239 detineri2si-

353 4294 453 4334 ornnes
468 4279 637 4334 habitatores
653 4288 732 4336 terrae
746 4282 828 4336 iliius,
845 4282 913 4337 bum
928 4284 965 4338 ini
981 4284 1097 4341 viriliter
1112 4301 1142 4342 ω
1191 4277 1292 4332 militer
1307 4285 1334 4332 et
1348 4277 1438 4332 caeteri
1464 4275 1519 4331 iere
1541 4290 1638 4332 omnes
1660 4275 1793 4340 lecerunt,
1810 4274 1983 4333 solummodo

352 4370 488 4425 haherent
501 4370 588 4426 nostri
606 4372 738 4441 praedicti,
760 4373 835 4428 misit
854 4375 889 4428 ael
905 4389 954 4430 eos
976 4390 1070 4432 comes
1089 4391 1141 4432 no·
1191 4371 1415 4441 archiepiscopus
1440 4371 1678 4443 hottronagensis,
1703 4371 1752 4441 qui
1774 4386 1804 4426 se
1826 4368 1984 4425 inservitis

351 4471 422 4528 ster,
442 4461 578 4517 mandans
598 4470 629 4516 ut
643 4464 768 4518 venirent
781 4464 816 4519 atl
835 4480 899 4520 euru
918 4469 989 4536 apud
1007 4466 1140 4526 Pennam.
1191 4463 1240 4519 Dei
1265 4464 1438 4520 laudabiliter
1461 4466 1604 4532 habuerat,
1629 4479 1723 4520 secum
1747 4474 1844 4521 tenens
1864 4462 1983 4534 propriis

352 4550 495 4622 Peregrini
509 4551 643 4621 siqnidem
658 4553 706 4622 qui
721 4563 800 4609 erant
814 4571 876 4611 eum
893 4572 938 4623 eo,
952 4569 1061 4628 peracta
1073 4575 1143 4630 qua·
1191 4557 1347 4627 sumptibus
1370 4557 1504 4628 plurimos
1528 4557 1639 4623 milites,
1661 4565 1690 4612 et
1713 4556 1845 4611 familiam
1868 4556 1983 4611 multam

351 4645 474 4711 (ingena
495 4658 545 4699 sua
565 4642 594 4697 in
613 4645 744 4713 exercitu,
759 4648 886 4704 volebant
914 4648 970 4706 lere
991 4667 1087 4708 omnes
1106 4652 1141 4709 ad
1191 4651 1287 4717 nimis,
1307 4653 1365 4721 ipse
1398 4650 1544 4721 benignus,
1568 4649 1683 4718 henigne
1711 4649 1805 4706 comiti
1837 4647 1982 4719 acquievit,

350 4738 464 4807 propria
482 4750 626 4792 resume:
645 4747 824 4807 properantes
844 4741 928 4811 igitur
943 4744 992 4798 viri
1009 4744 1140 4813 predicti,
1191 4753 1219 4798 et
1237 4743 1331 4797 tamhu
1351 4757 1413 4797 cum
1433 4756 1467 4797 eo
1481 4743 1623 4807 remansit,
1638 4740 1736 4806 donec,
1755 4739 1834 4796 notis
1854 4755 1981 4811 superre-

349 4828 499 4884 reniebant
511 4828 546 4883 ad
557 4828 695 4885 comitem.
710 4829 832 4897 Quodam
848 4843 938 4888 atttem
954 4835 998 4889 die
1009 4845 1142 4890 venerunt
1193 4833 1331 4887 trientibus
1345 4832 1505 4903 peregrinis,
1523 4832 1582 4902 ipse
1605 4833 1639 4888 de
1662 4832 1772 4887 licentia
1796 4841 1824 4887 et
1842 4832 1982 4889 uoluntate

351 4919 388 4975 ad
403 4931 525 4975 castrum
540 4919 732 4988 lortissirnutn,
748 4924 819 4993 quod
832 4924 933 4980 dieitur
944 4925 1037 4981 Penna
1051 4927 1077 4982 in
1094 4927 1142 4982 ΑΙ·
1155 4923 1180 4985 D
1193 4924 1303 4980 contitis
1324 4941 1387 4979 cum
1415 4924 1518 4979 honore
1544 4924 1577 4979 {td
1608 4924 1719 4995 propria
1749 4923 1889 4979 remeavit·
1912 4922 1981 4980 Cum

349 5011 442 5066 biensi
456 5022 595 5068 :castrum
609 5013 675 5068 iilud
693 5014 783 5071 adhuc
796 5014 995 5073 christianitati
1006 5027 1034 5073 et
1047 5019 1141 5074 comiti
1191 5036 1256 5091 ergo
1280 5019 1439 5074 recessisset
1464 5018 1609 5089 episeopus
1632 5015 1842 5084 bardunensis,
1868 5025 1896 5072 et
1918 5031 1982 5087 pars

350 5103 510 5173 resistebat,
522 5120 684 5178 semperque
703 5109 833 5178 ruptariis
854 5117 913 5164 erat
933 5109 1055 5179 plenum.
1070 5109 1140 5166 Cum
1191 5128 1290 5181 inagna
1313 5112 1460 5172 exereitus.
1481 5111 1564 5179 coepit
1585 5109 1749 5165 venerabilis
1770 5108 1982 5164 archidiaconus

348 5211 419 5267 ergo
438 5197 578 5254 venissent
603 5201 751 5270 supradicti
772 5203 907 5273 peregrini
929 5213 993 5258 ante
1018 5213 1140 5260 castrum
1191 5203 1363 5265 Guillelmus,
1381 5203 1422 5256 vir
1437 5219 1541 5273 magnae
1562 5204 1762 5259 constanticeet
1782 5201 1905 5258 mirificae
1918 5216 1981 5272 pro·

349 5288 432 5355 illud,
453 5291 568 5360 ruptarii
584 5293 630 5362 qui
646 5301 725 5347 erant
745 5294 773 5349 in
788 5304 879 5350 castro
894 5305 1026 5353 excutites
1044 5297 1142 5353 adrer-
1191 5300 1295 5364 hitatis,
1316 5301 1342 5354 in
1362 5300 1485 5369 hisque
1506 5301 1539 5354 ad
1558 5299 1729 5355 obsidionem
1753 5301 1927 5371 pertinebant
1940 5301 1981 5356 in·

350 5396 401 5435 sus
414 5391 537 5446 nostros,
554 5399 639 5438 unum
655 5385 689 5439 de
703 5386 805 5441 nostris
822 5387 953 5444 militibus
966 5391 1139 5456 oeciderunt;
1191 5395 1362 5451 stantissitne
1384 5394 1525 5456 laborare:
1547 5394 1694 5464 episcopus
1720 5402 1812 5449 autern
1833 5393 1980 5450 Carcasso·

349 5473 441 5528 anistri
466 5483 558 5529 autem
583 5477 704 5533 nolentes
727 5478 755 5533 iu
780 5482 906 5549 raptione
928 5481 1012 5537 castri
1037 5482 1141 5537 diritius
1192 5489 1295 5553 neruis,
1320 5496 1431 5558 propter
1456 5486 1580 5557 quiedam
1607 5487 1716 5558 negotia
1733 5494 1889 5556 perrexerat
1911 5486 1980 5542 Car·

349 5564 467 5631 morari,
482 5580 516 5621 eo
533 5567 606 5635 quod
621 5583 714 5624 cernes
735 5580 829 5625 noster
849 5581 958 5628 vocaret
975 5587 1023 5628 eos
1035 5575 1086 5629 sub
1101 5573 1141 5629 le.-
1191 5595 1346 5636 eassonam.
1360 5578 1465 5635 interea
1478 5580 1522 5634 illa
1537 5594 1636 5649 magna
1654 5580 1791 5644 machina,
1804 5595 1886 5650 quam
1900 5595 1980 5650 supe-

350 5656 512 5723 stinationc,
524 5658 671 5716 destructis
686 5661 713 5715 in
734 5662 851 5719 circuitu
865 5665 948 5720 castri
960 5665 1096 5736 segetibus
1112 5675 1141 5720 et
1191 5670 1249 5725 rins
1267 5670 1555 5734 commemoravimus,
1578 5669 1746 5739 parabatur:
1765 5686 1827 5740 quar
1844 5670 1909 5724 dum
1932 5685 1981 5739 pa·

349 5745 453 5815 sines,
465 5749 624 5805 rescindentes
646 5753 734 5809 nostri
755 5754 789 5809 ad
813 5756 940 5811 comitem
963 5758 1137 5814 festinabant.
1190 5772 1250 5816 rata
1267 5762 1374 5824 luisset,
1390 5762 1455 5819 iecit
1469 5776 1529 5816 cam
1549 5760 1639 5816 dictus
1653 5761 1864 5817 archidiaconus
1876 5776 1891 5815 a
1905 5770 1981 5830 parte

354 5840 394 5895 llll
407 5850 499 5897 antem
512 5841 547 5898 de
557 5854 650 5900 castro
664 5856 728 5916 post
741 5846 892 5905 discessum
908 5857 1078 5915 nostrorum,
1092 5850 1139 5919 qui
1191 5851 1309 5921 quadam
1324 5855 1392 5925 erigi
1413 5870 1498 5926 prope
1516 5863 1657 5921 castrum;
1672 5854 1717 5910 iiia
1736 5864 1826 5909 autem
1842 5854 1979 5919 machina,

350 5934 390 5989 ibi
401 5933 512 5990 inerant
529 5951 578 6006 per
594 5938 700 6008 aliquot
713 5940 783 6005 dies,
795 5951 928 5997 virrierunt
941 5942 975 5996 atl
987 5942 1076 5997 locutu
1093 5943 1139 5998 uhi
1192 5955 1287 6014 utpote
1303 5960 1400 6016 magna
1415 5960 1529 6016 magnos
1540 5945 1649 6017 jaciens
1668 5946 1782 6016 lapides,
1804 5961 1913 6001 murum
1933 5959 1980 6000 ea·

352 6024 442 6078 neeri
458 6025 583 6092 militem,
597 6027 645 6098 qui
667 6031 776 6085 occisus
799 6030 897 6096 luerat,
918 6033 1085 6088 tradiderant
1097 6049 1140 6089 sc·
1191 6036 1242 6090 stri
1266 6036 1399 6104 paulatim
1422 6037 1564 6092 debilitare
1588 6038 1681 6108 coepit.
1706 6036 1773 6092 Post
1792 6037 1896 6108 aliquot
1913 6025 1979 6092 vero

352 6116 481 6185 pniturre,
498 6119 672 6176 extrahentes
690 6138 791 6194 eorpus
810 6125 844 6179 de
861 6126 966 6180 tinnulo
980 6136 1007 6181 ot
1021 6142 1069 6197 per
1082 6126 1141 6198 pla·
1192 6128 1260 6194 dies,
1277 6139 1494 6199 supervenerunt
1513 6131 1661 6201 peregrini,
1676 6130 1824 6202 dequibus
1846 6146 1928 6199 snpra
1940 6127 1966 6184 lo

354 6213 412 6263 teas
426 6207 627 6280 distrahentes,
645 6212 738 6272 bestiis
755 6231 782 6274 et
795 6218 891 6275 aribus
908 6221 1141 6290 experimento
1193 6223 1282 6281 cimus
1304 6225 1481 6293 mentionem,
1497 6223 1582 6282 abbas
1598 6223 1722 6281 videlicet
1747 6222 1839 6280 Sancti
1863 6221 1978 6296 llrmigii
