5125 7059
602 704 656 760 705
1110 701 1214 757 ruunt
1235 700 1360 756 vsttts
1377 696 1516 756 cunntn
1535 694 1692 753 llOerCiil
2173 690 2222 750 '1⁰6

595 826 690 873 contra
708 814 792 872 Deum
806 824 833 872 et
847 815 976 871 atbletam
999 815 1114 882 cbristi,
1129 817 1233 872 scilicet
1252 819 1381 871 comitem
1397 817 1420 874 ll
1434 822 1495 869 reat
1510 813 1611 866 rictum
1625 826 1631 863 :
1644 809 1796 879 signidcata
1818 815 1861 863 est
1874 816 1967 862 comus
1990 816 2087 863 nostro
2107 822 2220 864 errorum

596 907 785 972 ilrurtislortis,
814 908 944 964 obsessos
962 916 1072 962 nestros
1087 910 1134 978 qui
1149 920 1226 964 eraut
1248 909 1274 962 iu
1290 907 1381 961 mnui·
1433 905 1523 974 inopia
1539 902 1785 971 obsessorumque
1806 902 1832 954 in
1850 902 1934 955 nrulta
1948 901 2086 955 arusietatc
2103 902 2220 972 positus,

596 1001 682 1066 tione,
703 1008 835 1072 qnantum
850 1009 976 1070 poteraut
992 999 1167 1060 iubstabaut.
1180 1017 1233 1054 nou
1246 1000 1317 1053 sunm
1334 1014 1381 1053 so·
1432 998 1497 1070 quid
1517 1004 1610 1067 ageret
1624 994 1772 1058 nesciebat,
1787 1007 1836 1047 uec
1849 993 1922 1047 enim
1936 1007 2001 1047 suos
2017 991 2148 1046 obsessos
2174 1007 2220 1061 po-

597 1091 739 1149 lummodo
750 1094 946 1149 obsederamus
967 1092 1182 1162 belliquadrum,
1199 1093 1245 1147 scri
1258 1093 1383 1147 ciuitates
1432 1099 1501 1145 toran
1520 1088 1710 1154 liberare,nec
1738 1085 1792 1138 nlla
1813 1083 1918 1137 ratione
1945 1082 2054 1137 solebat
2081 1084 2222 1152 expositos

586 1194 625 1260 et
636 1185 747 1239 castella
762 1184 926 1254 supradicta.
950 1184 1006 1237 imo
1020 1182 1191 1239 Provinciam
1210 1183 1266 1240 lere
1280 1195 1381 1250 totarn;
1433 1180 1515 1236 moni
1527 1180 1672 1236 dimittere.
1697 1176 1832 1231 Tolosaoa
1855 1176 1966 1242 insuper
1985 1175 2095 1240 ciuitas,
2118 1183 2148 1228 ct
2164 1175 2223 1230 alie

598 1275 719 1332 fecerant
744 1291 832 1332 auurm
861 1279 953 1332 bostes
981 1277 1053 1332 cirea
1078 1277 1384 1346 rrttmitioncmaparte
1434 1281 1512 1328 terra
1532 1288 1603 1343 quas
1624 1270 1741 1334 tenebat,
1768 1276 1847 1323 erant
1871 1268 1898 1322 in
1924 1281 2033 1321 semoto
2059 1265 2222 1336 perditionis

598 1368 727 1421 exteriori
741 1384 850 1422 annum
866 1378 893 1421 et
905 1368 1048 1432 lossatum,
1065 1384 1099 1423 nc
1111 1368 1196 1422 nostri
1209 1368 1243 1421 ad
1256 1367 1384 1422 traustitio-
1432 1366 1564 1437 periculo.
1579 1363 1627 1420 llis
1637 1362 1765 1417 onrrribus
1782 1361 1925 1428 diiigenter
1939 1356 2132 1421 consideratis,
2147 1356 2221 1411 lalus·

598 1473 660 1512 uem
676 1459 805 1513 accolere
822 1467 942 1528 possent,
955 1459 1041 1530 ipsam
1056 1469 1187 1530 preterea
1204 1460 1383 1514 mmdtionem
1433 1474 1495 1514 rare
1506 1458 1589 1527 coepit
1602 1471 1693 1511 comes
1710 1454 1809 1509 nolrilis
1824 1463 1851 1506 et
1861 1451 1958 1515 lrzlclis,
1970 1448 2111 1520 quomodo
2127 1448 2222 1504 obses-

599 1565 662 1605 cum
677 1549 812 1603 rrtaebiuls
834 1567 895 1619 qmc
911 1551 1040 1604 dictantur
1061 1551 1186 1620 petratio
1200 1553 1300 1606 act-iter
1314 1552 1386 1607 iolc·
1435 1567 1481 1608 sos
1491 1566 1556 1606 suos
1579 1548 1695 1604 liberare
1708 1554 1798 1616 posset
1810 1555 1837 1599 ct
1849 1545 1957 1599 babere.
1972 1541 2043 1608 Ouid
2066 1540 2165 1611 plrrral
2185 1541 2221 1594 lo-

599 1642 719 1705 stabaut,
733 1641 845 1695 crolnos
860 1650 990 1711 praeterea
1002 1651 1028 1695 et
1038 1642 1124 1697 dunos
1136 1643 1254 1699 insultus
1281 1644 1385 1699 nostris
1434 1652 1556 1712 quurnnr
1566 1641 1652 1695 nostri
1668 1656 1715 1710 per
1731 1637 1907 1707 interpositas
1919 1649 2050 1706 personas
2060 1649 2124 1689 cum
2141 1633 2224 1688 bosti-

599 1741 741 1802 qmcraut
767 1734 793 1786 in
814 1733 965 1787 rtrunitione
990 1732 1143 1800 iaciebant,
1172 1734 1219 1790 scd
1248 1736 1333 1790 nostri
1356 1751 1386 1791 se
1435 1733 1542 1798 busin
1560 1732 1621 1787 talis
1639 1731 1843 1802 dispositione
1868 1728 2066 1798 expositionem
2086 1726 2221 1781 dieamus.

600 1825 716 1878 viriliter
730 1839 763 1879 ac
788 1825 950 1879 mirabiliter
964 1824 1160 1894 defendebant,
1175 1835 1202 1881 ct
1216 1842 1249 1881 ex
1270 1827 1311 1882 eis
1326 1828 1386 1897 plu·
1435 1822 1582 1878 Onlinatur
1606 1824 1677 1894 qnod
1691 1824 1796 1879 obsessi
1816 1822 1904 1876 nostri
1915 1820 2084 1874 dimitterent
2098 1817 2223 1874 hostibus

599 1917 686 1972 risuros
700 1916 870 1972 occidebant.
894 1916 1031 1973 l'eeerunt
1057 1919 1150 1975 bostes
1174 1921 1287 1976 arietem
1310 1922 1386 1977 rnirte
1436 1915 1615 1969 nutritionem
1643 1912 1819 1982 ltctttqmort,
1836 1913 1871 1965 ita
1894 1910 1967 1981 quod
1992 1908 2164 1964 dimitterent
2178 1922 2223 1962 eos

600 2006 806 2077 magnitudinis,
822 2023 904 2076 quam
921 2009 1087 2078 applicantes
1107 2011 1140 2065 ad
1162 2027 1270 2065 murum
1292 2012 1386 2066 nrnrri·
1437 2007 1584 2063 aduersarii
1597 2008 1672 2062 crire
1691 2022 1753 2061 cum
1766 2006 1927 2076 supellectili
1948 2019 1998 2060 sua
2014 2012 2083 2062 tota.
2103 2001 2222 2056 lactum·

600 2098 697 2163 tionis,
712 2100 801 2169 ipsum
821 2116 929 2154 murrum
955 2100 1061 2157 lortiter
1077 2103 1279 2158 concutiebant.
1294 2102 1386 2160 Nostri
1438 2108 1540 2170 queest
1554 2100 1600 2155 ita.
1618 2099 1719 2169 Siquis
1730 2107 1819 2154 autem
1834 2097 1989 2153 ronsirleret
1999 2095 2083 2166 liujus
2100 2095 2223 2150 obsidio·

600 2205 676 2253 rere,
690 2206 737 2259 per
752 2189 828 2243 ortt-a.
841 2189 986 2258 probitatis
998 2200 1025 2245 et
1037 2193 1195 2250 subtilitatis
1208 2195 1335 2261 artiticia,
1350 2195 1385 2250 ita
1438 2194 1481 2248 uis
1492 2193 1721 2255 circumstantias,
1738 2193 1800 2247 licet
1818 2191 1917 2246 nobilis
1934 2205 2028 2245 crtrncs
2050 2190 2086 2244 de
2099 2189 2225 2259 captione

601 2282 785 2352 impediebant
799 2283 869 2338 ictus
884 2284 987 2347 arietis,
1003 2287 1076 2354 quod
1096 2287 1123 2340 in
1138 2288 1213 2342 nullo
1224 2289 1265 2343 sel
1282 2290 1309 2343 in
1326 2306 1387 2344 mo·
1438 2283 1603 2355 belliquadri
1631 2301 1686 2340 tren
1709 2284 1836 2339 lralmerit
1855 2284 2009 2362 uictoriam,
2028 2291 2122 2336 tamen
2139 2281 2225 2335 llrlelis

601 2375 673 2441 dico,
692 2374 902 2430 debilitaverunt
917 2393 1035 2430 tument.
1051 2377 1184 2433 Fecerunt
1195 2380 1275 2434 etiam
1291 2382 1388 2435 arlrcr-
1439 2379 1598 2443 nobilitatis,
1612 2387 1640 2434 ct
1654 2379 1830 2433 uoltilissimae
1848 2376 1986 2434 fidelitatis
1998 2375 2119 2445 insignia
2133 2389 2226 2445 repos-

564 2524 567 2529 ,
601 2467 784 2522 sariimnltas
811 2475 839 2522 ct
861 2469 930 2524 alias
959 2471 1135 2525 multimodas
1163 2472 1319 2540 ntacbiuas,
1341 2473 1389 2529 scd
1439 2473 1515 2528 tavit.
1531 2471 1667 2527 liecedens
1678 2472 1879 2528 nobiliscomes
1890 2486 1952 2526 cum
1966 2471 2025 2524 suis
2038 2470 2074 2523 ab
2085 2467 2226 2524 obsidione

603 2561 691 2616 nostri
703 2561 808 2616 obsessi
824 2577 920 2617 omnes
941 2564 1152 2618 combusserunt
1169 2583 1176 2620 :
1192 2579 1285 2618 coines
1298 2573 1388 2619 autem
1439 2563 1614 2635 belliquadri,
1628 2563 1887 2629 renitNemausum,
1897 2563 1988 2634 ibique
1996 2562 2141 2617 dirtrittens
2152 2562 2226 2631 eqni·

603 2651 704 2708 nobilis
735 2651 926 2718 lloutislortis,
941 2671 1003 2709 cnm
1019 2657 1105 2709 multu
1124 2657 1330 2712 diseriruiue.et
1344 2672 1389 2711 es·
1440 2665 1491 2721 tes,
1507 2656 1553 2727 qui
1572 2657 1754 2712 custodientes
1776 2656 1914 2711 ciuitatem
1942 2655 2025 2709 etiam
2040 2653 2227 2710 discurrerent

602 2745 707 2814 uternis,
724 2743 794 2799 loris
806 2746 915 2800 tenebat
934 2744 1116 2813 obsidionem,
1133 2755 1188 2802 tota
1203 2747 1303 2818 quippe
1316 2759 1388 2804 terra
1440 2763 1488 2817 per
1502 2757 1615 2813 terram,
1632 2748 1690 2819 ipsc
1705 2748 1860 2819 properarit
1872 2746 2011 2811 Tolosam,
2021 2745 2096 2815 qnod
2112 2743 2226 2799 audiens

603 2836 762 2892 incircuitu
787 2849 949 2908 corruperat
970 2839 1154 2906 clarescant,
1179 2857 1232 2895 rior·
1251 2841 1392 2911 cuim'po·
1442 2839 1621 2901 llainnrmlus.
1647 2840 1783 2910 quondam
1808 2855 1900 2896 eomes
1927 2837 2043 2904 Tolosae,
2067 2836 2117 2906 qui
2132 2836 2227 2906 etipse

602 2939 725 2986 teramus
741 2931 841 2986 babere
852 2933 979 2987 victualia
997 2933 1031 2987 arl
1054 2949 1123 3002 opus
1145 2934 1291 2997 exereitus,
1306 2933 1357 2988 nisi
1373 2949 1390 2989 a
1441 2933 1566 2988 seruiebat
1577 2933 1610 2988 ad
1621 2934 1807 3003 occupandam
1831 2931 1971 2995 Tolosam,
1994 2929 2132 2985 confusus
2147 2927 2226 2985 aulu-

602 3022 667 3077 rilla
683 3019 712 3076 S.
738 3021 839 3094 AEgidii
863 3034 891 3077 ct
915 3039 930 3078 a
955 3021 1102 3078 Nemanso.
1127 3022 1275 3092 Oportebat
1295 3025 1389 3092 etiam,
1441 3025 1488 3096 git.
1504 3025 1643 3082 decedens
1667 3041 1760 3082 cernes
1774 3023 1915 3091 Tolosam,
1937 3021 2071 3094 protrusit
2091 3022 2225 3092 quostiam

604 3111 678 3182 qnod
690 3113 799 3182 qnamlo
824 3112 985 3168 solebamus
1004 3112 1103 3167 babere
1118 3113 1244 3167 sictualia
1256 3129 1271 3167 a
1284 3115 1390 3170 duabus
1440 3120 1474 3175 de
1488 3120 1621 3175 militibus
1635 3120 1693 3176 suis
1712 3121 1739 3176 io
1763 3119 1913 3184 ciuitatem,
1927 3117 2002 3173 circs
2013 3123 2106 3171 autem
2133 3113 2226 3186 perlidi

603 3206 687 3272 uillis,
702 3205 876 3261 mitterentur
894 3206 1006 3270 milites,
1018 3204 1066 3275 qui
1087 3207 1184 3260 arumti
1206 3207 1392 3262 crtrtdnccreut
1441 3210 1517 3265 etad
1536 3211 1716 3281 proditionem
1729 3211 1827 3281 parati,
1847 3221 1988 3281 eoeperuut
2003 3207 2076 3274 illos,
2089 3216 2118 3263 et
2132 3207 2161 3260 in
2174 3220 2226 3262 usa

604 3297 724 3366 eosqui
744 3296 873 3352 victualia
902 3296 1072 3353 deferebant.
1098 3295 1250 3367 Oportebat
1278 3298 1391 3368 iusuper
1441 3302 1523 3358 dormo
1546 3310 1692 3360 terruerunt
1719 3303 1869 3359 inclusos:
1893 3301 1967 3373 quod
1988 3301 2105 3357 audieus
2124 3313 2225 3360 coma.

604 3389 679 3459 quod
695 3391 755 3444 sine
779 3389 993 3456 intermissione,
1006 3401 1061 3446 min
1075 3391 1118 3447 dic
1135 3407 1217 3462 quarn
1231 3402 1321 3458 nocte,
1337 3402 1392 3449 tor·
1440 3395 1528 3452 iratus
1537 3405 1564 3452 et
1576 3397 1690 3452 tuiratus
1699 3404 1740 3453 est
1752 3396 1839 3462 rabie,
1851 3395 2001 3467 ridensque
2012 3393 2087 3464 qnod
2098 3390 2227 3448 Tolossui

604 3480 643 3536 tia
658 3497 722 3551 pars
735 3482 854 3537 militum
868 3484 1004 3540 exercitus
1025 3495 1130 3540 armata
1152 3494 1235 3550 essct,
1253 3494 1311 3541 turn
1326 3488 1389 3557 quia
1404 3495 1425 3554 c
1442 3485 1539 3539 uellent
1552 3486 1690 3551 resistere,
1706 3486 1770 3541 lecit
1789 3485 1879 3556 ignem
1899 3485 1999 3555 apponi
2023 3485 2052 3538 in
2071 3492 2151 3554 parte
2165 3482 2228 3537 ciui·

608 3575 754 3628 timebatur
771 3591 805 3630 ne
822 3575 915 3630 bostes
945 3576 1036 3631 soluto
1049 3577 1076 3631 in
1090 3577 1238 3632 exercitum
1256 3579 1392 3636 irruerent

606 3664 748 3734 insperati,
762 3667 834 3735 quod
854 3675 944 3721 utinen
969 3683 1108 3736 statisquam
1124 3668 1184 3723 ausi
1208 3676 1273 3723 sunt
1302 3678 1392 3723 atten-

606 3765 676 3823 tare,
699 3766 756 3813 tum
773 3769 883 3829 propter
905 3760 1047 3815 maebiuas
1070 3761 1276 3816 custodiendas.
1298 3759 1393 3817 Parasi

607 3854 688 3908 etiam
705 3853 807 3908 lecerat
821 3868 913 3908 coines
934 3854 1035 3910 nobilis
1052 3855 1211 3925 petrariam,
1234 3869 1296 3924 que
1305 3855 1393 3924 jacie·

608 3944 654 4001 bat
669 3946 702 4001 ad
716 3948 836 4017 primum
859 3963 971 4000 uturum
987 3947 1084 4017 burgi,
1111 3964 1165 4001 nos
1189 3946 1261 4002 euim
1287 3955 1395 4017 poterat

608 4038 710 4094 babere
723 4039 817 4108 plures
832 4038 987 4106 maebiuas,
999 4041 1063 4110 qnia
1078 4055 1132 4093 nou
1144 4039 1261 4094 babebat
1282 4040 1393 4108 milites,

609 4128 657 4198 qui
673 4129 813 4183 traicerent
826 4145 886 4196 eas,
900 4131 1085 4201 paucissimos
1101 4130 1221 4185 ltaltebat
1236 4130 1337 4186 milites
1351 4130 1395 4184 in-

608 4220 733 4290 digenas,
748 4229 775 4274 et
793 4220 831 4275 illi
848 4222 929 4291 tepidi
944 4229 1023 4276 erant
1036 4229 1062 4275 et
1074 4220 1184 4289 trepidi,
1197 4230 1223 4275 et
1236 4221 1262 4274 in
1275 4220 1393 4286 modico.

608 4318 652 4372 sel
666 4318 694 4372 iu
707 4318 793 4384 nollit,
810 4319 941 4374 exercitui
955 4318 1057 4374 Christi
1073 4318 1258 4389 prolicicmcs.
1273 4318 1313 4373 llli
1330 4335 1395 4375 uero

609 4412 657 4481 qni
668 4424 747 4466 erant
758 4427 773 4465 a
787 4421 864 4479 parte
879 4414 1002 4473 aduersa,
1014 4411 1131 4466 aoitrrosi
1142 4420 1219 4465 crant
1230 4419 1256 4466 ct
1266 4411 1394 4466 audaces.

613 4502 669 4559 Nec
696 4503 832 4559 silendum
849 4503 921 4573 quod
939 4503 1049 4573 qnando
1064 4502 1158 4557 bostes
1179 4501 1287 4572 aliquos
1301 4503 1334 4557 de
1350 4516 1398 4556 no-

610 4597 677 4653 stris
691 4612 788 4668 capere
801 4606 936 4666 poteraut,
948 4596 1005 4650 sire
1019 4594 1111 4651 clerici
1128 4602 1229 4660 essent,
1251 4594 1308 4649 siue
1323 4593 1396 4660 laici,

610 4698 699 4744 morte
729 4690 884 4759 tropissima
910 4687 1126 4742 eorrdemnalnnt
1140 4704 1148 4754 ;
1164 4693 1308 4756 postquam
1323 4685 1397 4741 cuim

612 4781 811 4852 suspenderant
826 4797 883 4846 eus,
903 4781 972 4834 alios
984 4779 1154 4845 occidebant,
1173 4777 1242 4833 alios
1265 4778 1398 4833 nterrrbris

612 4876 786 4931 truncabant.
799 4876 821 4929 O
835 4876 933 4929 bellum
949 4873 1076 4944 ignobile,
1094 4889 1110 4928 o
1132 4872 1245 4929 eotrlusa
1265 4874 1397 4928 uictoria!

617 4967 740 5034 Quadam
755 4969 798 5022 die
812 4975 941 5036 ceperunt
958 4967 1102 5036 qucrmlam
1119 4966 1230 5020 militem
1240 4965 1273 5019 dc
1286 4964 1398 5029 nostris,

613 5070 722 5132 captum
737 5061 903 5123 occidemur,
917 5063 1038 5115 occisum
1049 5060 1399 5128 suspenderunt,suspenso

614 5167 714 5206 strarms
727 5159 755 5204 ct
776 5151 857 5220 pedes
871 5151 1051 5206 abstulerunt.
1065 5149 1244 5206 0crndclitas
1260 5149 1397 5204 inamlital

615 5241 701 5295 Pedes
718 5241 828 5311 insuper
839 5240 932 5296 militis
945 5256 1015 5312 quos
1034 5241 1214 5306 absciderant,
1227 5240 1398 5310 projecerint

616 5333 645 5388 in
660 5333 839 5388 munitionem
855 5350 916 5388 curn
943 5334 1125 5398 trtairqancilo,
1145 5342 1174 5387 ut
1196 5334 1231 5387 ita
1256 5341 1398 5397 terrerent,

616 5434 645 5481 et
658 5427 794 5480 irritarent
811 5427 939 5482 obsessos
963 5437 1082 5481 nostros.
1103 5425 1206 5480 luterea
1231 5424 1400 5481 llainnrndns

617 5520 753 5588 quomlam
777 5535 868 5573 corncs
886 5517 1001 5583 Tolosae,
1029 5519 1198 5572 discurrebat
1214 5534 1261 5586 per
1290 5517 1400 5571 Catulo·

619 5615 691 5668 uiam
704 5623 731 5667 ct
742 5613 916 5683 aragoniam,
930 5611 1075 5666 adunando
1090 5627 1159 5681 qnos
1171 5620 1276 5680 poterat
1290 5611 1399 5677 milites,

619 5715 649 5758 ut
665 5721 759 5759 corum
772 5707 872 5758 auxilio
885 5707 997 5760 intraret
1016 5714 1115 5757 terram
1132 5714 1261 5765 nentrum,
1277 5713 1304 5757 ct
1319 5719 1402 5758 occu·

619 5808 694 5867 paret
711 5797 847 5852 Tolosam.
873 5798 952 5851 (lires
974 5807 1064 5852 autem
1093 5796 1219 5851 T'elosaui
1243 5812 1359 5865 trequam
1375 5805 1402 5850 et

621 5888 752 5956 inlideles,
768 5891 855 5957 parati
866 5899 943 5943 eraut
965 5904 1028 5942 cum
1044 5889 1174 5957 recipere,
1190 5889 1212 5942 si
1228 5889 1339 5942 vestiret.
1356 5887 1402 5942 ln·

622 5996 703 6050 super
715 5983 836 6036 obsessis
848 5982 947 6035 nostris
960 5983 1006 6051 qni
1022 5990 1099 6035 etant
1117 5982 1144 6036 in
1160 5980 1342 6050 lielliquadro,
1361 5980 1403 6035 si·

621 6074 720 6127 ctualia
735 6073 902 6134 deiecerunt,
919 6090 1058 6143 turrisqnam
1075 6075 1147 6128 enirn
1163 6083 1274 6142 possent
1295 6090 1342 6129 eos
1357 6091 1402 6129 ca·

623 6181 686 6221 uere
698 6167 798 6230 nostes,
815 6167 838 6222 si
850 6168 883 6222 al
896 6167 1119 6222 strstcntatiouem
1135 6164 1307 6222 solmmnodo
1319 6166 1401 6222 babe-

1443 3577 1517 3642 tatis‚
1529 3578 1603 3632 eires
1617 3587 1707 3632 antem
1721 3577 1850 3648 ingerunt
1860 3577 1888 3632 in
1906 3577 2021 3647 burgum
2034 3575 2127 3631 adime
2141 3574 2229 3631 rolen-

1444 3676 1485 3725 tcs
1502 3670 1645 3736 resistere,
1673 3670 1720 3726 sed
1734 3669 1855 3725 uidentes
1874 3669 1947 3740 quod
1969 3683 2062 3725 comes
2090 3669 2229 3725 relictoue

1445 3763 1553 3834 aggredi
1566 3778 1614 3834 per
1629 3763 1771 3827 insultum,
1789 3765 1886 3818 timere
1899 3762 1984 3828 direti,
2002 3772 2229 3832 exposueruntse

1444 3861 1471 3906 et
1481 3852 1619 3908 ciuitatem
1637 3853 1697 3922 ejus
1713 3868 1761 3924 per
1779 3853 1872 3908 omma
1889 3852 2023 3907 uoluntati
2038 3870 2045 3907 :
2062 3868 2230 3909 comesrero

1445 3961 1541 4001 muros
1556 3955 1582 4000 ct
1596 3954 1685 4001 turres
1699 3946 1819 4001 ciuitatis
1834 3945 1957 4001 lunditus
1979 3945 2064 4000 ererti
2078 3944 2147 4002 lecit
2165 3963 2173 4000 a
2192 3948 2229 4002 ia-

1445 4046 1564 4108 superet
1575 4037 1608 4093 dc
1620 4037 1726 4093 cirinus
1737 4037 1849 4092 obsides
1870 4037 1975 4104 babuit,
2001 4051 2072 4107 quos
2089 4037 2118 4092 in
2134 4039 2229 4094 cestris

1446 4132 1504 4187 suis
1522 4131 1614 4200 posuit
1634 4130 1840 4186 custodiendos.
1865 4127 1968 4186 interca
1987 4130 2115 4186 bonsines
2141 4129 2229 4186 Sancti

1446 4221 1547 4290 AEgidii
1562 4231 1693 4293 apostatae
1710 4229 1737 4277 et
1762 4221 1894 4286 iulidclcs,
1907 4230 2068 4288 receperunt
2095 4220 2229 4277 insiliam

1446 4330 1524 4370 suam
1548 4313 1634 4368 lilium
1652 4312 1790 4384 quondam
1805 4312 1914 4368 comitis
1929 4311 2047 4375 Tolosae,
2062 4323 2163 4368 contos
2184 4314 2229 4368 ab·

1446 4407 1517 4463 batis
1541 4421 1569 4464 et
1590 4406 1787 4463 monacbormn
1815 4406 1993 4470 uoluntatem,
2010 4406 2086 4475 quod
2109 4407 2231 4463 uidentes

1447 4499 1505 4570 ipse
1527 4499 1613 4554 altbas
1639 4507 1667 4554 et
1690 4497 1835 4565 ruonacbi,
1858 4496 2033 4552 extrnlrcotcs
2060 4496 2094 4552 de
2118 4499 2231 4554 mereata

1447 4607 1549 4662 corpus
1562 4589 1664 4645 cnr-isti
1688 4590 1722 4645 de
1734 4589 1797 4643 uilla
1812 4588 1893 4642 nuidis
1905 4586 2018 4656 pedibus
2030 4586 2175 4654 exierunt,
2187 4587 2233 4642 ril-

1448 4685 1502 4739 lam
1520 4685 1607 4754 ipsam
1629 4683 1775 4738 interdicto
1802 4691 1830 4736 et
1854 4677 2020 4734 anatliemati
2033 4691 2231 4750 supponentes.

1449 4774 1570 4830 Peractis
1595 4788 1688 4830 comes
1713 4772 1811 4827 nobilis
1835 4771 1907 4840 apud
1932 4769 2059 4824 Tolosam
2086 4771 2233 4843 aliquantis

1414 4836 1558 4928 D(liebus.
1575 4864 1623 4919 luit
1651 4868 1678 4919 in
1694 4861 1869 4927 vasconiam,
1891 4860 1983 4931 ibique
2006 4869 2183 4917 contractum
2195 4869 2234 4917 est

1452 4957 1656 5012 matrimonium
1673 4956 1744 5009 inter
1754 4953 1905 5010 Guidorrcm
1922 4952 2034 5007 batrem
2047 4951 2139 5022 ipsius
2152 4953 2234 5009 conti·

1450 5050 1485 5104 tis
1495 5049 1542 5120 qni
1553 5057 1611 5103 erat
1624 5048 1761 5102 secundus
1776 5055 1842 5100 tratu
1865 5055 1893 5100 ct
1915 5043 2086 5098 comitissam
2104 5042 2233 5117 ilicone,

1450 5150 1478 5197 et
1495 5149 1556 5212 post
1570 5154 1673 5210 paucos
1683 5140 1752 5203 dies,
1764 5154 1858 5193 censes
1870 5137 1950 5192 rediit
1963 5135 2104 5192 Tolosam.

1704 5230 1817 5287 CAPUT
1838 5229 1978 5285 txxtttr.

1657 5326 1764 5381 Obsidio
1783 5323 1879 5378 dimitis
1895 5324 2026 5378 Grerrosii.

1485 5418 1524 5473 Eo
1540 5429 1668 5488 tempore,
1691 5417 1735 5472 ille
1752 5416 1850 5486 negotii
1869 5413 1933 5470 lesu
1948 5412 2051 5468 Cbristi
2066 5413 2159 5471 bostis
2170 5416 2234 5469 anti·

1450 5529 1521 5583 quus
1533 5520 1561 5565 et
1574 5520 1727 5581 perseeutor
1740 5507 1892 5563 indefessus
1902 5522 1994 5562 comes
2004 5506 2087 5574 Toxi,
2101 5508 2234 5564 mandatis

1451 5605 1550 5660 summi
1565 5601 1699 5672 pontilicis
1710 5610 1736 5654 et
1748 5599 1879 5670 generalis
1891 5598 1999 5653 concilii
2014 5600 2143 5666 secundi,
2157 5613 2233 5669 supet

1451 5710 1517 5766 pace
1532 5695 1571 5750 rel
1588 5695 1682 5749 saltem
1701 5691 1811 5762 treugis,
1827 5705 1874 5760 per
1887 5689 2065 5760 quindenium
2084 5689 2232 5747 obserran·

1451 5789 1503 5852 dis,
1519 5789 1629 5841 seuleus
1642 5802 1672 5839 es
1692 5786 1815 5851 arlrcrso,
1834 5783 2011 5837 nrunitionem
2024 5784 2175 5853 quamdam
2188 5798 2233 5837 es·

1452 5889 1588 5937 struxerat
1605 5894 1689 5948 prope
1705 5877 1726 5931 F
1729 5891 1810 5932 usum
1826 5890 1887 5946 quse
1908 5874 1984 5929 ilum
2001 5872 2155 5930 Greoarius
2166 5877 2233 5928 dite·

1452 5976 1541 6031 batur.
1558 5971 1621 6026 Erat
1636 5979 1725 6026 arrtem
1745 5969 1816 6023 dieta
1836 5967 1950 6022 munitio
1961 5965 1989 6020 in
2007 5964 2136 6020 altissimi
2164 5977 2232 6020 suar·

1453 6069 1546 6123 mitate
1571 6064 1671 6119 montis
1693 6061 1815 6128 lundata,
1831 6069 1858 6114 et
1878 6067 2009 6129 quantum
2027 6056 2063 6112 ad
2087 6056 2230 6112 benamu

1453 6157 1667 6221 estimationem,
1684 6170 1737 6212 non
1753 6153 1840 6211 solnm
1856 6149 2082 6221 inexpugnabilis,
2097 6148 2146 6206 sed
2159 6143 2230 6219 quusi
