5125 7059
339 715 389 773 811
754 708 855 765 utsttt
882 708 926 762 tta
957 703 1117 760 btvEttSts
1145 698 1329 758 dubtuutts
1355 696 1544 757 ECCLESlAE.
1910 695 1962 751 811

340 831 457 888 interius
471 828 527 884 ilco
540 829 688 884 servientes
707 825 896 897 magnificant;
912 828 939 877 et
965 837 999 876 ne
1018 835 1127 875 cansam
1143 827 1243 882 Anum
1258 816 1310 870 boc
1322 830 1384 870 esse
1398 812 1554 884 pronuntio.
1569 822 1596 866 et
1612 811 1777 867 otiositatem
1794 809 1828 864 ab
1841 809 1880 865 eis
1890 809 1963 865 sicut

340 919 532 993 progrediendi
546 929 573 975 et
591 919 682 974 rninns
696 917 791 972 orandi
811 917 946 978 habeant,
962 912 997 967 de
1008 912 1124 968 eleemo·
1177 908 1313 962 secteris
1337 903 1529 975 amputandam
1556 917 1618 958 esse
1639 902 1748 972 judico.
1777 900 1871 956 dicens
1900 915 1962 954 curn

340 1013 418 1086 spois
433 1012 551 1068 fidelium
565 1012 676 1066 relucere
690 1026 745 1065 non
762 1009 903 1065 desinont.
1176 997 1307 1070 Apostolo
1327 1013 1334 1051 :
1357 994 1410 1061 Qut
1437 1011 1490 1048 non
1518 993 1573 1048 nult
1597 995 1719 1060 operari.
1749 1007 1796 1046 ner
1824 989 1964 1044 manducet

375 1107 421 1161 53,
437 1104 490 1160 sen
503 1113 530 1160 ρ(
545 1106 610 1159 quun
626 1102 736 1159 attende
751 1101 823 1173 quod
840 1099 1003 1166 campagis,
1019 1098 1053 1154 de
1066 1098 1130 1169 quq.
1177 1088 1220 1143 ttt
1237 1088 1327 1142 Thess.
1342 1088 1396 1156 nt).
1413 1084 1470 1140 lloc
1480 1086 1552 1140 enim
1566 1085 1603 1139 ita
1614 1084 1745 1153 intelligo,
1759 1082 1831 1154 qnod
1846 1082 1898 1136 boc
1909 1096 1963 1135 non

339 1202 393 1257 bns
405 1201 487 1271 panto
499 1208 579 1253 antea
590 1196 778 1266 toqnehnnnr.
791 1194 913 1263 plaustra
931 1199 959 1247 et
973 1193 1056 1249 bores
1072 1190 1128 1246 dati
1178 1183 1265 1237 solun
1278 1180 1313 1235 de
1326 1180 1465 1235 laboribus
1483 1193 1612 1233 uranuum
1628 1177 1746 1241 dicatur.
1765 1175 1813 1231 sed
1829 1175 1910 1230 ctiam
1931 1173 1966 1228 de

340 1300 419 1356 sunt,
445 1299 475 1346 ut
502 1290 609 1344 illorum
633 1286 779 1342 infirmitas
796 1284 973 1347 relevaretur.
1000 1299 1051 1338 nee
1078 1281 1130 1339 snb
1177 1274 1252 1327 omni
1263 1287 1346 1342 opere
1364 1270 1437 1342 qnod
1449 1269 1644 1325 ecclesiasticis
1656 1268 1860 1336 ririscongrnit
1871 1284 1879 1333 ;
1892 1265 1964 1336 qnod

341 1400 426 1439 onere
439 1399 490 1437 ano
504 1382 659 1437 deficerent.
680 1378 749 1444 qnid
764 1377 836 1431 enim
852 1383 915 1431 snnt
928 1375 1063 1440 veniente,
1076 1373 1129 1429 nisi
1179 1367 1225 1437 qui
1240 1379 1296 1419 ¹¹⁰¹!
1319 1364 1423 1429 leberii·
1448 1377 1503 1418 ¹¹⁰ss
1529 1362 1683 1417 ssltlldtloel·
1700 1359 1783 1414 ⁸0²1&
1802 1374 1867 1430 “8⁰
1887 1357 1964 1428 illdi-

342 1476 509 1531 indrrnitatis
523 1482 622 1528 nostra
632 1470 768 1526 remella?
780 1467 987 1536 ilabemnsergo
998 1467 1129 1537 plaustra,
1178 1456 1282 1529 sandali
1290 1465 1333 1512 est
1348 1457 1392 1512 illa
1407 1460 1473 1521 vita,
1493 1469 1554 1527 qnae
1581 1455 1609 1510 in
1628 1456 1749 1509 clanstro
1774 1453 1883 1514 sedens,
1899 1462 1925 1507 et
1949 1467 1965 1505 a

343 1569 477 1622 babemus
490 1574 517 1619 et
530 1565 624 1628 boves,
642 1562 742 1632 quibus
756 1573 840 1614 onera
854 1573 915 1629 qnae
935 1558 963 1612 in
977 1555 1059 1610 domo
1078 1555 1130 1608 bn·
1179 1549 1326 1604 mundanis
1340 1549 1513 1617 semetipsam
1539 1545 1741 1617 quodammodo
1755 1544 1918 1602 incarcerat.
1938 1550 1966 1596 et

342 1658 410 1713 mini
436 1656 619 1726 suscepimus.
640 1653 773 1718 feruntur,
789 1666 851 1706 cum
872 1649 998 1720 perfectae
1014 1649 1129 1703 orationi
1179 1643 1208 1697 in
1222 1640 1379 1696 scelestibus
1393 1655 1423 1695 se
1437 1641 1525 1709 ipsam
1541 1637 1647 1692 dilatat.
1662 1636 1717 1691 Nee
1735 1637 1780 1691 ille
1793 1636 1840 1706 qni
1861 1635 1966 1689 laborat

343 1749 495 1812 studentes.
514 1748 666 1819 planstrum
682 1753 816 1806 nostrum.
833 1742 917 1797 idest
935 1741 1130 1796 volubilitatem
1179 1735 1316 1799 manibus,
1330 1733 1414 1802 jactet
1426 1747 1456 1787 se
1470 1747 1553 1801 super
1564 1747 1627 1786 enm
1647 1730 1693 1800 qni
1714 1729 1833 1785 sedendo
1848 1729 1966 1792 laborat.

343 1851 371 1898 et
386 1842 580 1898 mortalitatem
595 1845 718 1894 nostram
733 1851 782 1907 per
794 1836 888 1898 boves.
905 1834 931 1888 id
947 1843 990 1890 cst
1003 1848 1052 1904 per
1062 1848 1131 1903 prae-
1179 1828 1243 1899 quia
1258 1828 1286 1881 in
1311 1834 1427 1896 ntroqne
1442 1825 1562 1880 laborem
1585 1824 1675 1880 inesse
1696 1829 1818 1886 constan
1834 1820 1965 1876 desidiosi

343 1929 481 1989 dicatores
505 1933 547 1988 rel
575 1929 717 2001 operarios
740 1917 890 1983 exteriores
914 1941 976 1981 cnm
1000 1926 1130 1981 oneribus
1177 1920 1287 1989 judices
1307 1928 1381 1980 sunt.
1403 1916 1450 1987 qni
1467 1915 1617 1970 laborando
1640 1914 1765 1969 manibus
1785 1912 1924 1974 deficiunt,
1939 1919 1967 1966 et

343 2027 460 2088 nostris.
474 2025 500 2080 id
511 2036 553 2078 est
564 2039 625 2078 enm
640 2021 780 2076 laboribus
790 2018 933 2075 serviendo
948 2018 1130 2074 beocircnm-
1179 2011 1301 2069 sedendo
1321 2011 1348 2065 in
1364 2010 1485 2064 clanstro
1508 2014 1666 2078 torpescunt
1681 2025 1688 2061 ι
1709 2006 1788 2061 testis
1813 2013 1856 2060 cst
1883 2004 1966 2059 etiarn

344 2116 483 2171 luciosus.
506 2114 557 2171 Per
575 2115 636 2169 illos
652 2113 736 2176 enirn,
754 2111 801 2182 qui
814 2109 893 2165 nobis
909 2109 936 2164 in
950 2107 1130 2165 exterioribus
1179 2115 1273 2159 nostra
1290 2103 1445 2166 infirmitas.
1461 2116 1522 2173 quae
1537 2100 1686 2155 laborando
1708 2101 1843 2162 lassatur.
1858 2105 1886 2154 ct
1901 2112 1968 2151 cno-

344 2212 428 2267 rebns
452 2209 623 2270 ministrant.
647 2204 734 2260 oratio
751 2212 846 2258 nostra
869 2200 985 2256 multum
1008 2199 1129 2270 juvatur.
1144 2190 1166 2244 B
1180 2193 1337 2265 templando
1351 2193 1443 2248 divina
1454 2209 1536 2264 qoam
1548 2191 1631 2248 citius
1643 2191 1677 2245 ad
1690 2190 1807 2245 hnmana
1823 2189 1965 2260 subigitur.

345 2303 410 2372 qnia
424 2301 469 2354 rix
486 2299 543 2354 lieri
558 2303 658 2368 potest.
674 2304 704 2349 nt
717 2293 836 2365 perfecte
855 2291 918 2363 quis
938 2289 1055 2345 orationi
1074 2297 1132 2346 stu·
1181 2286 1210 2341 Si
1234 2300 1299 2342 sero
1321 2286 1364 2341 tns
1390 2285 1492 2340 talibus
1514 2285 1562 2356 qui
1584 2284 1612 2339 in
1638 2285 1761 2340 clanstro
1785 2282 1917 2344 resident.
1939 2291 1967 2336 ct

345 2395 420 2454 dest.
438 2393 485 2462 (ιυί
500 2398 617 2446 mentem
633 2387 674 2444 sel
687 2385 869 2442 exterioribus
880 2384 963 2439 rebus
976 2383 1018 2437 vel
1032 2396 1132 2452 corpo·
1180 2393 1264 2451 prope
1279 2377 1403 2434 homines
1426 2386 1501 2438 sunt.
1517 2375 1619 2447 aliquid
1632 2376 1738 2447 operari
1756 2375 1898 2446 placuerit.
1912 2389 1967 2428 non

344 2486 451 2542 salibus
460 2491 587 2553 occupat.
601 2479 679 2548 Quod
693 2478 718 2534 si
732 2477 795 2550 quis
808 2477 890 2531 etiarn
904 2474 957 2529 hoc
968 2487 1049 2544 agere
1062 2488 1126 2544 prae

344 2577 428 2640 valet.
443 2573 507 2645 quia
522 2573 548 2626 in
560 2569 680 2626 Ecclesia
695 2578 750 2622 tarn
764 2564 877 2638 perfecti
891 2564 942 2618 viri
953 2578 1008 2618 rron
1021 2563 1130 2628 desunt,

345 2683 407 2722 cnrn
422 2665 554 2735 apostolo
567 2660 658 2719 landet
673 2661 768 2724 llerrnn
780 2659 827 2731 qni
838 2659 965 2714 manibus
979 2657 1130 2723 laborabat.

346 2774 379 2814 nc
394 2772 476 2827 quem
488 2763 623 2826 gravaret.
642 2759 669 2807 et
681 2749 796 2805 fratrum
810 2747 970 2804 memoriam
981 2761 1089 2816 semper
1103 2746 1131 2802 in

345 2849 516 2906 orationibus
527 2846 654 2907 babebat,
667 2845 739 2901 sicut
752 2844 810 2914 ipse
822 2841 855 2898 de
868 2839 998 2896 Romanis
1009 2856 1039 2896 se
1052 2855 1132 2912 agere

346 2945 480 3012 perbibet.
493 2939 612 2996 Utuntur
621 2945 711 2991 antem
723 2935 768 2991 isti
782 2941 914 3005 potestate
925 2931 976 2987 sibi
987 2945 1130 2994 concessa,

347 3035 481 3087 trabentes
495 3029 643 3088 liventium.
659 3033 689 3079 nt
705 3024 752 3094 qni
765 3022 939 3093 Evangeliunr
956 3019 1132 3084 annuntiant.

347 3126 381 3181 de
390 3122 540 3193 Evangelio
564 3120 667 3182 vivant.
696 3116 814 3172 scientes
842 3129 896 3168 non
918 3127 979 3169 csse
993 3127 1130 3184 magnum.

346 3213 567 3285 quartdoqnidem
592 3209 644 3281 ipsi
667 3204 821 3279 spiritualia
844 3204 995 3268 seminant,
1011 3203 1034 3258 si
1050 3217 1133 3274 popn·

305 3322 307 3330 ¹
347 3312 437 3364 lorum
450 3306 568 3361 carnalia
582 3310 693 3358 metant.

1181 2472 1289 2541 longius
1310 2469 1467 2537 bnjnnnodi
1483 2468 1612 2524 iratribus
1628 2477 1671 2524 est
1692 2465 1905 2538 procedendum,
1918 2467 1967 2521 ssd

1180 2565 1253 2618 cirea
1269 2560 1454 2616 habitationes
1472 2574 1538 2614 suas
1551 2558 1729 2630 operandum.
1749 2556 1811 2613 ilaec
1829 2558 1863 2613 de
1881 2572 1965 2612 cano·

1181 2656 1252 2709 nicis
1267 2653 1314 2725 qui
1333 2653 1412 2723 Juxta
1427 2652 1552 2709 homines
1576 2651 1701 2707 babtrnn
1721 2666 1771 2722 pro
1795 2666 1875 2722 posse
1895 2651 1968 2705 dicta

1182 2746 1327 2803 subiciant.

1183 2837 1237 2895 ttt.
1255 2837 1295 2893 lle
1307 2838 1441 2894 cononirix
1455 2839 1500 2908 qai
1519 2839 1587 2891 inter
1603 2837 1719 2893 domines
1738 2839 1878 2893 seculares
1893 2839 1969 2895 itabi-

1368 2917 1436 2972 tent,
1450 2920 1475 2962 rt
1488 2909 1632 2963 'seesima
1645 2909 1780 2965 dicantar.

1218 3029 1263 3084 st.
1278 3027 1316 3084 be
1330 3025 1479 3083 'canonicis
1504 3026 1551 3097 qni
1573 3028 1704 3083 remotius
1727 3029 1833 3091 vivunt,
1859 3028 1917 3084 sive
1935 3028 1969 3083 de

1183 3121 1238 3177 illis
1257 3121 1303 3190 qui
1316 3119 1394 3191 jnsn
1411 3118 1535 3175 bomines
1554 3127 1707 3185 morantur,
1722 3122 1848 3190 superius
1863 3121 1969 3179 reddita

1182 3214 1263 3278 ratic,
1278 3213 1313 3268 ad
1329 3212 1495 3284 loquendum
1508 3212 1543 3268 dc
1553 3213 1598 3270 his
1608 3214 1655 3284 qui
1667 3214 1739 3270 inter
1752 3215 1877 3271 bomines
1892 3215 1969 3270 trabi·

1183 3317 1241 3362 tant
1266 3320 1316 3361 nus
1343 3306 1450 3370 inritat,
1481 3321 1598 3377 qnorum
1616 3304 1815 3376 professionem
1836 3315 1864 3363 et
1890 3315 1970 3365 actos

305 3392 309 3427 ἕ
381 3400 428 3458 td.
444 3398 576 3453 Stantem
590 3393 730 3468 qnismibi
744 3387 939 3460 objiciatqnod
954 3389 1030 3442 multi
1047 3387 1073 3442 iu
1089 3387 1133 3443 his
1183 3397 1339 3454 describere
1354 3405 1382 3454 et
1398 3397 1525 3452 volumus
1545 3403 1572 3453 et
1587 3395 1776 3453 formidamus.
1793 3395 1821 3451 st
1837 3397 1909 3452 enim
1921 3414 1970 3455 eos

348 3500 414 3548 sont
440 3490 487 3562 qni
507 3487 681 3558 Erangcliuru
708 3483 871 3538 antruuliure
893 3480 1036 3543 nesciunt,
1062 3479 1167 3591 siculC
1184 3489 1295 3544 laudare
1304 3488 1482 3549 voluerimus.
1497 3487 1645 3544 sanctioris
1659 3487 1791 3559 propositi
1805 3489 1879 3543 viros
1888 3489 1972 3543 tirne-

305 3578 309 3609 ³
348 3592 414 3640 sunt
428 3582 565 3653 simplices
575 3579 686 3651 quique.
698 3575 740 3631 vel
753 3573 888 3630 conversi.
906 3571 942 3626 ¹³0
958 3571 1133 3641 h⁰0lt³⁵ll⁰¹b
1183 3597 1245 3637 mus
1259 3578 1406 3641 offendere.
1424 3580 1470 3650 qui
1485 3595 1533 3634 cos
1552 3581 1691 3634 multoties
1708 3578 1924 3651 reprebendnnt;
1946 3581 1969 3635 si

305 3670 307 3700 ⁵
348 3676 410 3739 deo,
425 3675 488 3744 (1⁰5²
502 3672 549 3743 (tul
564 3672 631 3726 belle
645 3669 747 3724 tll'stel
757 3667 925 3737 lll⁰ll⁰⁵l¹¹¹¹¹¹
941 3666 1009 3719 bene
1024 3664 1131 3719 bibendi
1182 3688 1246 3729 vero
1259 3672 1423 3742 vituperare.
1435 3672 1582 3726 verendum
1594 3681 1646 3732 cst.
1657 3688 1692 3727 ne
1707 3673 1806 3727 iratres
1821 3680 1931 3728 nostros
1942 3674 1969 3727 in

305 3763 309 3793 ²
348 3769 441 3824 inaltet.
456 3763 704 3837 professionemque
713 3775 789 3815 snam
801 3767 932 3829 qnantum
945 3763 1034 3827 potest
1045 3756 1134 3827 seqni-
1182 3764 1277 3821 eadem
1293 3764 1345 3819 nde
1358 3770 1385 3818 et
1398 3763 1553 3819 christiana
1572 3763 1716 3819 devotione
1732 3765 1864 3825 verrentes,
1883 3779 1973 3835 popu-q

305 3854 308 3879 '
348 3871 404 3923 tur,
425 3859 460 3913 de
474 3858 525 3911 boc
542 3861 615 3909 recte
637 3852 737 3907 dieitur
759 3851 831 3920 quud
850 3848 1029 3917 evangelizat,
1051 3845 1077 3900 ill
1090 3854 1133 3902 ⁰8²
1184 3857 1293 3925 lnmqne
1306 3854 1352 3910 bel
1367 3864 1491 3925 regentes
1505 3854 1709 3911 contristemus.
1724 3853 1856 3910 Nolumus
1868 3838 1973 3919 autern.¹

347 3953 420 4006 bona
434 3947 588 4005 annuntiat.
603 3944 698 4000 blelius
711 3943 783 3999 eninr
797 3941 864 3997 mibi
878 3943 1041 4000 annuntiare
1059 3944 1132 4000 vide·
1184 3963 1234 4003 nec
1250 3945 1334 4002 nobis
1344 3943 1505 4001 conceditur
1518 3951 1581 3999 ante
1603 3952 1711 4015 tempus
1729 3946 1878 4016 quidquam
1896 3945 1971 4017 jndi-

346 4051 404 4106 tnr,
420 4039 467 4110 (ιυί
485 4038 554 4093 bene
568 4036 644 4097 vivit.
661 4050 742 4106 qnam
762 4031 809 4103 qni
838 4031 908 4088 bene
931 4033 1062 4106 loquitur.
1088 4033 1134 4090 lllc
1183 4052 1257 4094 care.
1272 4035 1399 4093 Vidimus
1410 4037 1482 4093 enim
1496 4043 1524 4092 et
1541 4036 1630 4092 adbuc
1644 4037 1769 4094 rldemus
1784 4040 1884 4095 multos
1901 4042 1970 4096 tales

345 4135 422 4190 enim
441 4145 491 4202 pro
503 4129 574 4183 buno
588 4141 671 4198 opere
680 4125 722 4180 vel
737 4126 810 4180 bono
824 4124 908 4179 odore
918 4126 1033 4195 accipiet
1047 4141 1135 4180 remn-
1183 4131 1342 4194 canonicos.
1363 4128 1409 4200 qui
1426 4129 1497 4184 inter
1509 4128 1634 4186 hominos
1653 4132 1759 4194 vivunt,
1775 4134 1969 4204 propterquod

345 4226 535 4288 serationem
558 4220 603 4276 lde
627 4227 717 4274 antem
732 4217 779 4288 qui
801 4217 880 4273 scivit
896 4217 1061 4272 volontatem
1081 4217 1134 4269 brr-
1183 4228 1210 4274 ct
1225 4219 1372 4275 saeculares
1393 4227 1538 4285 vocantur,
1558 4229 1686 4291 suscepta
1706 4221 1777 4276 bona
1797 4223 1831 4276 ab
1853 4223 1969 4281 ecclesia

345 4319 417 4374 mim
431 4316 473 4372 sui
490 4322 518 4368 et
530 4312 594 4370 fecit
603 4311 684 4383 digna
697 4309 793 4383 plagis,
805 4310 936 4380 vapulans
951 4311 1044 4366 multis
1059 4311 1133 4365 acci·
1184 4311 1299 4368 fideliter
1320 4320 1514 4383 pertractasse,
1539 4321 1567 4367 ct
1595 4314 1711 4383 simplici
1734 4317 1808 4370 victu
1826 4325 1853 4372 et
1870 4319 1971 4374 uestitu

345 4413 405 4483 piet
418 4410 632 4467 damnationem.
1184 4408 1339 4467 contentos.
1361 4401 1466 4474 reliqna
1488 4403 1654 4475 pauperibus
1676 4420 1814 4477 erogasse.
1832 4411 1970 4480 multaque

382 4502 430 4560 ab.
447 4500 562 4568 Quodsi
577 4500 693 4570 aliquem
713 4505 802 4554 moret
819 4496 892 4569 quod
911 4495 1032 4569 plerique
1051 4510 1135 4550 rano-
1184 4492 1254 4548 bona
1268 4493 1310 4547 rel
1323 4494 1448 4550 ecclesiis
1461 4494 1504 4549 rel
1524 4494 1707 4566 indigentibus
1727 4497 1834 4555 fecisse.
1847 4500 1972 4572 erapro·

346 4595 417 4657 aiei.
431 4609 465 4649 es
484 4592 528 4647 bis
542 4592 604 4647 dico
617 4590 665 4662 qni
677 4591 755 4662 juxta
778 4590 902 4645 lronrines
920 4589 1072 4644 mundanos
1085 4587 1134 4641 ba·
1185 4596 1245 4655 pter
1255 4585 1441 4656 relinquentes
1449 4585 1558 4658 quidem
1571 4603 1631 4659 quae.
1645 4588 1760 4654 faciunt.
1775 4594 1903 4649 erminus
1915 4592 1971 4648 beo

345 4685 450 4747 tritaet,
465 4697 520 4737 aon
545 4682 668 4736 laborant
686 4680 831 4742 manibus.
853 4681 971 4750 primum
988 4692 1135 4750 possumus
1185 4677 1293 4748 placere
1312 4678 1450 4742 videntur.
1467 4685 1497 4733 ut
1519 4687 1585 4736 sunt
1597 4689 1691 4738 nectes
1712 4684 1848 4753 pretiosas,
1870 4686 1971 4756 quibus

346 4773 471 4831 breviter
489 4771 663 4843 respondere,
677 4770 749 4842 quod
763 4770 831 4825 dicit
849 4771 995 4840 Apostolus
1011 4788 1018 4824 :
1035 4768 1134 4836 Corpo-
1185 4770 1308 4840 pleriqne
1321 4785 1416 4825 eorum
1428 4779 1553 4837 utuntur,
1569 4781 1596 4828 et
1611 4773 1708 4829 domus
1721 4775 1860 4846 superfluo
1871 4787 1970 4833 ornatu

346 4865 418 4919 rufis
431 4864 585 4918 exercitatio
599 4862 634 4916 od
648 4861 780 4917 nrodictmr
794 4860 868 4914 stitit
883 4868 933 4923 est.
948 4861 1033 4928 pistos
1046 4869 1134 4911 ostem
1151 4859 1310 4929 pdepterae.
1326 4874 1433 4914 necnon
1452 4862 1560 4930 negotia
1579 4876 1639 4931 qnae
1658 4862 1779 4933 plerique
1796 4879 1890 4923 eorum
1909 4867 1971 4934 plus

346 4956 385 5012 ad
400 4957 491 5009 omnio
504 4953 530 5026 (l
548 4953 616 5010 Tim.
631 4952 679 5022 vv).
693 4951 769 5018 Quod
789 4951 862 5007 enim
874 4949 942 5006 dicit
950 4949 985 5004 ad
998 4947 1134 5002 modicum
1183 4953 1259 5021 insto
1286 4952 1455 5008 svcrdariter
1478 4961 1620 5017 exercent,
1646 4957 1789 5011 ostendere
1816 4966 1971 5022 tentemus.

346 5063 414 5105 esse
443 5048 537 5102 utilem
561 5046 730 5117 corporalem
756 5043 992 5105 exercitationem,
1017 5039 1136 5095 ostendit
1186 5043 1241 5097 ben
1261 5044 1421 5107 auxiliante.
1446 5043 1511 5113 quid
1537 5045 1672 5114 professio
1694 5062 1789 5102 eornm
1816 5051 1971 5111 contineat.

346 5140 461 5213 quidem
477 5139 549 5193 illam
563 5138 760 5208 aliquantulum
772 5136 871 5199 valere.
884 5135 932 5191 sed
947 5148 1001 5188 non
1012 5133 1090 5196 adeo,
1106 5138 1136 5184 nt
1185 5134 1257 5205 qnod
1273 5134 1300 5188 in
1321 5135 1437 5191 ecclesia
1459 5136 1578 5192 babeant
1593 5137 1721 5203 officinm.
1745 5141 1817 5195 nnde
1837 5141 1891 5198 beo
1914 5146 1971 5213 pla·

347 5245 435 5302 super
454 5230 506 5286 boc
525 5237 690 5301 preceptum
710 5228 790 5282 alicui
816 5226 947 5295 imponat,
963 5223 1004 5278 vel
1034 5224 1057 5278 si
1080 5236 1135 5275 non
1185 5232 1275 5288 ceant.
1293 5242 1373 5297 qncm
1394 5227 1485 5282 locum
1497 5228 1525 5283 in
1540 5229 1600 5297 cjns
1617 5222 1794 5287 tabernaculo
1811 5241 1931 5295 teneant.
1948 5239 1971 5290 si

347 5325 457 5380 laboret
489 5323 684 5394 corporaliter.
712 5321 874 5376 deteriorem
903 5316 1015 5386 judicet.
1046 5312 1136 5367 Pictas
1187 5322 1277 5372 tamen
1305 5318 1377 5387 quod
1402 5331 1483 5373 suum
1507 5326 1550 5374 est
1574 5313 1714 5390 impleant.
1735 5322 1794 5378 lton
1819 5326 1893 5379 onim
1919 5326 1973 5383 bne

347 5424 455 5476 antem.
471 5431 553 5485 quam
575 5414 609 5469 ad
630 5413 721 5468 omnia
735 5411 827 5466 utilem
850 5425 910 5465 esse
930 5407 1083 5467 denuntiat.
1107 5407 1135 5460 ln
1186 5422 1267 5477 opere
1281 5410 1363 5464 statni
1383 5409 1499 5464 aliorum
1522 5409 1592 5466 facta
1608 5413 1728 5469 mordaci
1751 5417 1822 5485 stylo
1846 5431 1970 5484 carpere,

346 5502 493 5561 canonicis
506 5503 553 5574 qui
566 5502 643 5573 iuxta
663 5502 787 5557 homines
800 5507 951 5562 morantur,
967 5513 982 5552 a
997 5493 1134 5567 magistris
1186 5500 1233 5556 sed
1250 5501 1469 5572 nninsannsqne
1485 5501 1620 5572 professio
1645 5504 1789 5574 quidboni
1814 5507 1922 5573 habear,
1945 5521 1973 5566 gg

345 5605 418 5652 tunc
430 5595 547 5650 maxima
556 5594 709 5657 exhibetur,
720 5608 782 5648 cnm
794 5594 821 5647 in
833 5590 960 5647 claustris
973 5591 1134 5648 retinentur.
1186 5593 1251 5664 qnid
1263 5592 1352 5648 simile
1364 5608 1426 5648 enm
1445 5593 1565 5664 antiquis
1579 5597 1692 5661 sanctis,
1708 5598 1748 5653 rel
1764 5613 1826 5654 cnm
1841 5601 1901 5671 ipso
1915 5601 1971 5655 tto.

346 5699 385 5742 ne
400 5684 605 5756 progredientes
621 5683 759 5739 mundana
773 5683 851 5752 juxta
866 5696 896 5737 se
913 5681 1001 5752 posits
1016 5680 1134 5738 videant.
1186 5684 1260 5739 mino
1274 5683 1472 5741 demonstrare,

346 5777 453 5850 quibus
472 5775 539 5831 visis
554 5776 581 5830 in
604 5775 659 5830 illis
679 5774 810 5838 haereant,
835 5777 864 5828 et
886 5771 1007 5827 indrmas
1030 5775 1135 5825 mentes
1220 5775 1265 5831 58.
1293 5775 1333 5830 de
1356 5776 1474 5847 primum
1504 5777 1592 5847 ipsum
1617 5793 1717 5835 nomen
1746 5796 1801 5852 qno
1825 5783 1972 5841 secnlarcs

344 5869 487 5933 molliant,
502 5877 529 5924 et
540 5867 587 5923 tali
601 5868 663 5922 visu
673 5866 839 5937 duspcrcant.
850 5863 918 5919 Nam
934 5865 993 5919 laus
1002 5861 1137 5918 clanstra-
1186 5876 1331 5931 vocantur,
1344 5867 1418 5938 quod
1428 5867 1521 5925 mrrltis
1532 5867 1639 5925 ridetur
1648 5886 1704 5926 non
1717 5872 1746 5928 in
1757 5888 1917 5946 prosperum
1930 5878 1972 5936 eis

344 5964 416 6022 lium
432 5977 495 6018 esse
513 5960 593 6025 solet.
616 5959 698 6016 sidin
716 5959 744 6014 io
759 5955 1003 6021 claustrofnerint,
1018 5955 1135 6009 simun·
1186 5959 1297 6023 cedere.
1323 5955 1347 6013 si
1372 5974 1537 6029 possumus.
1567 5967 1707 6018 vertamus
1728 5962 1768 6018 eis
1798 5964 1825 6018 in
1857 5965 1970 6023 bonum.

345 6061 421 6115 dana
437 6056 529 6110 ridere
542 6052 766 6124 contempserint.
784 6050 812 6107 st
837 6058 927 6107 antem
951 6057 979 6107 et
994 6049 1021 6104 hi
1033 6051 1079 6121 qud
1107 6048 1135 6104 in
1187 6049 1343 6106 luttresmur
1356 6065 1422 6122 ergo
1446 6051 1600 6122 apostolom
1622 6052 1736 6110 Panium
1749 6056 1775 6111 in
1791 6055 1914 6127 Epistola
1936 6061 1970 6115 ad

346 6153 472 6211 etanstro
483 6147 577 6204 sedent
591 6145 693 6217 aliquid
705 6145 830 6203 manibus
845 6145 952 6217 operari
966 6144 1070 6210 rolrrnt.
1087 6142 1136 6198 bo·
1187 6141 1327 6208 liebraos.
1342 6143 1388 6199 nbi
1403 6142 1438 6199 de
1452 6144 1537 6214 priori
1551 6154 1715 6204 testamento
1732 6147 1855 6221 toqntrnr
1871 6169 1878 6205 :
1893 6147 1971 6218 Quod

472 6248 605 6309 l‘trnot.
619 6240 754 6305 dcxttt.
1167 6321 1175 6331 Ι
1808 6244 1848 6303 21
