5125 7059
465 708 519 768 tls
982 711 1118 769 sicano!
1137 710 1383 770 amanuensis
1400 711 1556 771 eetscotu
2035 723 2086 779 lto

464 824 596 880 mortim
610 840 660 895 pro
671 832 768 881 ornatu
785 823 896 893 templir
915 831 980 879 nota
994 841 1056 896 qam
1083 840 1133 895 pro
1147 827 1253 898 pericu·
1269 828 1417 888 Aditatem
1432 826 1573 885 israelitici
1593 831 1686 901 populi
1701 833 1839 891 offerentis
1854 834 1965 890 donaria
1975 835 2010 891 ad
2024 836 2090 890 aedi·

465 914 679 973 lininllrmitatis
699 928 748 972 aut
771 917 845 973 belli.
862 914 1070 983 lloloeaustura,
1096 919 1186 975 idest
1211 928 1252 973 ta-
1304 923 1396 978 bciunr
1422 924 1592 979 tabernaculi
1616 924 1690 990 ¹⁸,et
1708 929 1790 983 etiarn
1815 927 1980 985 Salonrcaici
1996 929 2090 1000 templi

466 1021 524 1068 tum
539 1013 701 1066 incensum:
730 1009 799 1067 llolo
810 1010 883 1064 enim
905 1020 1000 1078 tatem,
1017 1021 1045 1067 ct
1058 1027 1154 1067 cauma
1170 1013 1253 1066 inter·
1304 1016 1327 1046 ⁸·
1341 1032 1349 1079 ;
1363 1014 1405 1070 rel
1424 1016 1506 1072 ctiam
1529 1016 1564 1070 ad
1592 1016 1765 1073 recolendum
1786 1018 1880 1074 landes
1896 1029 1924 1074 et
1952 1021 2090 1090 praeconia

472 1111 597 1173 pretatur
610 1103 774 1169 incendium,
794 1101 970 1167 rauranum,
986 1119 1047 1158 curn
1067 1103 1094 1157 ia
1111 1104 1190 1159 altari
1205 1118 1254 1173 ag·
1304 1119 1451 1174 puerorum
1473 1120 1536 1160 cnm
1563 1106 1676 1175 psalmis
1699 1115 1727 1161 ει
1752 1107 1865 1163 lloribus
1886 1110 2090 1165 occurrentium

467 1216 520 1255 nus
534 1208 619 1265 totus,
636 1208 684 1254 aut
700 1198 802 1253 uitulus
816 1198 1022 1254 incendebatur.
1040 1197 1099 1254 lloc
1112 1199 1212 1255 dicitur
1225 1198 1252 1252 in
1304 1195 1414 1251 Christo
1424 1197 1458 1251 de
1471 1204 1566 1251 monte
1587 1193 1684 1252 Oliveti
1709 1197 1885 1254 descendenti
1906 1207 1934 1252 ct
1950 1198 1984 1253 ad
1999 1198 2091 1254 crucis

465 1291 694 1360 Paralipomenon
717 1291 739 1321 ¹⁸
754 1289 829 1360 quod
857 1290 1016 1345 obtulcrunt
1042 1291 1178 1360 principes
1203 1305 1253 1361 pro
1305 1285 1457 1355 patibulum
1469 1285 1607 1341 accedenti
1623 1287 1646 1318 ¹⁸
1659 1304 1667 1354 ;
1681 1288 1723 1342 rel
1738 1289 1831 1357 potius
1846 1289 1880 1344 ad
1893 1289 2091 1358 designandum

466 1383 546 1448 rotis,
563 1397 614 1452 pro
627 1383 796 1452 spontaneis,
822 1398 872 1453 pro
885 1390 1007 1453 peccato,
1028 1397 1078 1451 pro
1093 1398 1187 1453 regno,
1203 1397 1253 1452 pro
1304 1381 1453 1435 clamorem
1465 1379 1598 1446 mulieris,
1613 1378 1695 1436 idest
1711 1379 1849 1448 Ecclesiae,
1874 1398 1935 1452 quae
1950 1383 2050 1453 leyitur
2064 1385 2091 1438 in

465 1473 795 1545 sanctasanctorum.
819 1475 899 1531 ilitus
920 1473 1070 1547 synagogae
1083 1476 1210 1532 transivit
1224 1478 1252 1532 in
1305 1471 1467 1543 Apocalypsi
1482 1472 1505 1504 ¹⁰
1517 1472 1617 1527 amicta
1646 1472 1714 1539 sole,
1735 1472 1841 1531 scilicet
1864 1473 1986 1543 cbristo,
2010 1491 2092 1546 quem

465 1569 625 1640 religionem
647 1567 787 1634 Ecclesia,
810 1578 838 1623 ει
861 1569 995 1624 sacriticia
1017 1569 1109 1638 populi
1135 1570 1255 1627 carnalis
1306 1563 1394 1619 induit
1408 1564 1435 1617 in
1455 1563 1610 1634 Ιιιιῑῑδΰιθι
1627 1564 1731 1619 11θῦθηῦ
1754 1564 1847 1621 ¹⁰⁰²⁰¹
1860 1565 1912 1621 θιὼ
1927 1567 2093 1636 lffllhusrbl

464 1671 569 1716 mutata
581 1668 647 1717 suat
657 1659 685 1714 in
699 1660 898 1715 observantiam
914 1658 1007 1730 populi
1018 1659 1167 1730 spiritualis
1179 1657 1256 1714 Clari·
1305 1665 1347 1711 cst
1362 1656 1454 1711 omnia
1468 1656 1609 1712 mutabilia
1619 1657 1730 1713 calcans
1742 1674 1750 1723 ς
1763 1664 1791 1712 ει
1802 1671 1932 1713 coronant
1947 1657 2092 1713 duodecim

465 1752 559 1807 stiani.
584 1751 679 1822 ltaque
700 1751 772 1807 sicut
795 1750 882 1823 lloysi
915 1752 949 1808 de
963 1759 1056 1806 nronte
1080 1751 1254 1807 descendenti
1306 1747 1446 1804 stellarum
1460 1747 1488 1803 in
1513 1749 1613 1819 capite,
1640 1749 1667 1803 id
1682 1757 1724 1802 est
1738 1748 1852 1804 clrorum
1866 1749 2010 1806 duodecim
2027 1765 2093 1820 apo-

466 1843 584 1912 pnpalus
600 1844 645 1899 illc
663 1843 771 1898 dirersa
784 1842 858 1899 dona
876 1843 910 1898 ad
924 1843 1079 1899 laciendum
1091 1842 1255 1898 tabernacu·
1306 1839 1439 1895 stolorum
1466 1839 1551 1896 insui
1569 1839 1649 1895 initio
1665 1848 1800 1910 gestans,
1829 1839 1932 1896 babens
1957 1841 1985 1895 in
2013 1850 2093 1896 utero

465 1932 522 1986 lum
538 1933 686 1989 offerebant
697 1935 717 1966 ¹⁷
736 1936 797 2000 ,sic
810 1934 940 2004 episcopo
959 1935 992 1988 dc
1024 1933 1130 2003 pulpito
1140 1933 1254 1988 venien-
1307 1932 1416 2000 clamat,
1430 1932 1586 2002 parturiens
1601 1933 1741 1987 cruciatur
1758 1941 1787 1985 ut
1815 1932 1905 2002 pariat
1919 1950 1926 1998 ;
1942 1932 2093 1987 clamorem

466 2023 497 2088 ti,
509 2025 631 2080 diversas
640 2025 720 2081 ollert
735 2025 899 2091 oblationes,
915 2025 986 2079 alius
997 2039 1108 2088 aurum,
1126 2024 1197 2080 alius
1209 2039 1253 2080 ar·
1306 2024 1385 2093 cujus
1398 2025 1584 2092 parturientis,
1603 2024 1630 2080 id
1641 2033 1683 2081 εει
1710 2022 1848 2079 salubrem
1862 2022 1970 2080 Domini
1984 2026 2094 2081 crucia·

467 2124 588 2186 gernum,
615 2116 686 2172 alius
710 2117 811 2188 aliquid
822 2117 856 2172 dc
874 2116 927 2172 alia
947 2117 1109 2172 substantia.
1136 2115 1188 2183 out
1203 2132 1254 2171 au·
1306 2125 1364 2173 turn
1386 2115 1651 2172 imitaturollercnda
1666 2131 1714 2186 per
1730 2130 1811 2171 suum
1823 2131 1932 2186 pravom
1946 2114 2095 2184 etgrandi·

466 2219 528 2261 rum
541 2205 620 2262 offert
631 2222 726 2277 magos
738 2206 860 2262 imitatur
881 2207 928 2278 qui
954 2221 1052 2263 aarum
1074 2207 1191 2263 Domino
1204 2208 1255 2262 olr-
1306 2222 1404 2262 soaurn
1419 2216 1541 2274 cantum,
1552 2222 1614 2286 qun
1626 2207 1734 2261 neumis
1745 2207 1863 2262 distenta
1876 2215 1903 2262 ct
1917 2206 2042 2262 uersibus
2053 2205 2093 2260 lc·

464 2297 591 2357 tolerunt
606 2298 652 2366 ¹⁸3
680 2299 880 2370 quiargeatum
907 2299 1046 2355 ollerteos
1060 2300 1194 2368 sequitur,
1207 2299 1253 2369 qui
1305 2299 1434 2365 cundata,
1460 2298 1636 2370 quantumuis
1657 2299 1739 2370 longa
1763 2298 1938 2370 jubilatione,
1961 2300 2035 2370 quod
2056 2299 2094 2354 si·

466 2392 611 2462 pecuniam
637 2391 664 2446 in
688 2391 886 2463 gazophylacio
907 2399 1058 2462 posuerunt
1071 2390 1107 2456 ”3
1119 2390 1166 2461 qui
1181 2389 1254 2445 aliud
1305 2391 1416 2464 gnillcat
1445 2408 1499 2448 non
1521 2393 1590 2449 satis
1604 2392 1676 2447 ralet
1686 2391 1851 2463 exprimere.
1866 2390 2008 2464 Susceptis
2020 2393 2094 2448 obla·

465 2483 556 2551 offert,
572 2483 626 2539 illis
648 2485 810 2551 associatur,
835 2485 894 2554 qui,
907 2499 956 2554 per
966 2482 1083 2538 Paulum
1098 2494 1126 2539 ει
1149 2481 1253 2538 barna·
1304 2482 1436 2550 tionibus,
1449 2484 1577 2539 sacerdos
1595 2484 1653 2556 qni,
1666 2486 1817 2540 secundum
1832 2482 1976 2555 quosdam,
1996 2483 2095 2539 bucus-

465 2576 541 2643 bam,
554 2578 707 2633 necessaria
716 2577 882 2648 pauperibus
897 2575 1113 2648 Hierosolymam
1127 2575 1255 2632 transmi·
1305 2591 1357 2645 quc
1368 2575 1588 2647 praedicationem
1599 2577 1741 2642 omiserat,
1770 2578 1852 2630 etiam
1870 2574 1915 2630 bic
1930 2584 2003 2630 recte
2024 2589 2094 2645 prae-

466 2675 562 2724 serunt
589 2667 623 2723 ¹⁶.
645 2666 764 2724 Obertur
787 2683 897 2739 qnoque
921 2667 1007 2740 legale
1034 2667 1201 2724 sacrificium
1224 2667 1253 2722 ia
1304 2664 1388 2732 dicat,
1399 2666 1549 2723 adarnacns
1565 2667 1696 2738 populum
1723 2666 2093 2723 utsolaturairurnolatioui

465 2759 580 2815 ‹lecirnis
591 2768 619 2816 ct
630 2760 770 2830 primitiis,
785 2760 969 2816 uoluntarium
989 2760 1016 2815 in
1030 2759 1191 2831 spontaneis
1204 2759 1254 2815 ob·
1304 2758 1416 2830 dignum
1431 2759 1565 2816 eslribcat.

467 2851 628 2908 lationibus.
650 2851 702 2907 Pro
721 2853 851 2923 peccatis,
866 2852 932 2910 dum
953 2851 1124 2924 preniteatiis
1142 2850 1254 2907 redimi·
1614 2851 1728 2907 CAPUT
1752 2852 1794 2908 l'l.

466 2953 513 2998 tur
528 2963 535 3011 ;
552 2960 602 3014 pro
626 2947 776 3016 gratiarum
803 2946 921 3014 actione,
939 2946 1004 3002 dum
1020 2961 1069 3017 pra
1088 2946 1180 3016 aliqua
1195 2945 1253 3001 col·
1516 2961 1549 2999 nc
1564 2961 1663 3008 qrtrnrn
1677 2961 1764 2999 ranre
1789 2960 1882 3000 mssa.

466 3034 522 3089 lata
533 3035 622 3105 gratia
646 3036 795 3107 quidquam
811 3035 925 3091 oliertur
941 3053 949 3103 ;
963 3035 1044 3103 dona,
1068 3035 1133 3091 dum
1150 3035 1178 3090 in
1190 3036 1256 3091 adi-
1343 3052 1353 3086 r
1368 3034 1496 3091 cbristus
1511 3035 1637 3091 introirit
1660 3037 1745 3091 semel
1761 3037 1788 3090 in
1806 3034 1906 3091 Sancta
1922 3037 1978 3093 *Ἅι
1996 3036 2093 3094 Sacer·

466 3126 530 3181 licia
553 3126 731 3182 ecclesiarum
752 3127 796 3182 rel
821 3128 981 3183 utensilium
1003 3126 1144 3185 coalertur
1159 3146 1167 3196 ;
1181 3138 1254 3194 rota,
1305 3127 1356 3183 dos
1370 3127 1403 3183 ad
1422 3126 1507 3182 altare
1516 3128 1691 3199 ingressurus
1705 3128 1738 3183 de
1752 3127 1939 3184 immolatione
1951 3128 2092 3200 disponit,

467 3218 533 3273 dum
550 3220 622 3288 quod
637 3220 663 3273 ia
679 3220 809 3290 periculis
833 3230 977 3289 voverunt,
998 3222 1152 3277 exsolvunt.
1170 3219 1253 3276 llolo-
1305 3222 1383 3291 prius
1398 3236 1496 3275 aratrus
1516 3221 1601 3288 larat,
1626 3221 1691 3292 quia
1706 3218 1849 3289 Dorulaus,
1864 3233 2009 3292 autequam
2031 3239 2094 3294 pas·

467 3322 593 3368 caustum
607 3312 733 3375 offerunt.
747 3316 793 3384 qni
809 3302 937 3369 saeculum
958 3315 1151 3386 derelinquunt
1164 3324 1192 3372 et
1204 3331 1254 3369 sua
1306 3329 1387 3369 suras
1398 3311 1567 3369 llicrusalcm
1580 3313 1767 3384 ingrederetur
1781 3313 1821 3380 ¹⁸,
1837 3323 1989 3384 pronastro
1999 3332 2094 3372 araone

466 3404 632 3474 pauperibus
647 3405 827 3461 distribuunt.
847 3405 882 3462 Et
896 3408 969 3464 sicat
982 3407 1090 3478 antiqui
1112 3422 1147 3462 ex
1163 3408 1254 3463 edicto
1306 3406 1439 3478 lacrymas
1451 3405 1531 3471 ludit,
1543 3415 1573 3460 ut
1586 3407 1612 3460 in
1629 3403 1723 3460 Lazari
1737 3406 1914 3462 suscitatione
1929 3406 2050 3463 innotuit
2059 3409 2093 3476 ”;

468 3492 536 3563 legis
550 3495 572 3526 ¹⁸
587 3493 615 3549 ia
634 3494 804 3552 llicrusalem
820 3498 847 3552 ia
863 3500 946 3554 certis
960 3499 1291 3577 solemnitatibuscon·c
1307 3497 1450 3554 sedetiam
1464 3499 1572 3568 priores
1598 3499 1754 3554 sacerdotes
1776 3498 1952 3568 immolaturi,
1968 3514 1999 3556 se
2013 3500 2042 3554 ia
2056 3501 2095 3557 la·

468 3584 612 3639 nutriebant
626 3594 655 3640 ct
667 3586 827 3654 ollarebant,
842 3588 946 3645 scilicet
968 3587 1084 3656 Pascba,
1097 3587 1255 3645 Pentecoste
1307 3588 1493 3646 brolarabant
1508 3590 1540 3656 ⁸⁰,
1555 3590 1628 3661 quod
1644 3591 1805 3647 munditiam
1817 3605 1929 3662 operum
1944 3602 1972 3647 et
1986 3602 2096 3648 nostras

468 3691 496 3734 ct
509 3680 536 3733 in
549 3679 618 3734 lesto
632 3681 856 3752 scenopegiarum
873 3700 881 3749 ;
905 3684 946 3739 sic
960 3698 994 3739 ex
1008 3683 1182 3739 institutione
1194 3697 1256 3738 san·
1307 3683 1441 3756 lacrymas
1461 3682 1605 3754 figurabat.
1630 3683 1733 3740 Praetcr
1752 3685 1811 3740 bmc
1828 3684 1947 3740 oberant
1963 3695 1991 3741 et
2006 3687 2091 3741 mini·

467 3777 574 3826 ctornm
590 3769 701 3826 Patrurn
711 3771 791 3841 y'uxta
806 3770 949 3829 facultates
972 3773 1213 3842 offerretenemur,
1228 3773 1256 3830 in
1307 3777 1369 3842 stri,
1394 3772 1442 3848 qui
1459 3775 1616 3847 significant
1632 3777 1726 3832 lidelcs
1742 3777 1857 3848 pugiles,
1876 3777 1922 3847 qui
1945 3779 1998 3833 sub
2011 3778 2095 3834 Ante-

455 3858 557 3933 ,Natali
583 3862 700 3931 nonunt,
730 3863 858 3932 Pasclra,
881 3864 1040 3923 Pentecoste
1079 3876 1107 3923 et
1131 3868 1158 3923 in
1185 3867 1256 3924 lesto
1306 3867 1420 3934 cbristo,
1441 3883 1490 3940 per
1511 3867 1618 3923 diversa
1647 3877 1804 3935 torruema,
1826 3884 1855 3923 sc
1869 3865 1979 3925 Christo
2002 3869 2095 3925 airum

467 3952 597 4011 Ouinium
613 3954 787 4025 Sanctorum,
810 3966 840 4013 at
864 3958 926 4013 inde
942 3958 994 4014 sibi
1010 3959 1111 4016 rictum
1138 3961 1257 4018 babeant
1307 3958 1419 4014 offerent
1434 3957 1633 4014 bolocaustum.
1653 3956 1705 4014 Sed
1730 3959 1757 4014 ia
1783 3958 1862 4013 altari
1886 3957 1986 4014 sindon
2015 3970 2095 4015 natea

469 4046 627 4103 sacerdotes
641 4065 649 4114 ς
663 4048 762 4103 debent
784 4050 858 4104 enim
882 4049 1034 4107 oblationes
1051 4053 1079 4108 in
1105 4068 1172 4110 usus
1187 4056 1255 4112 verti
1307 4059 1485 4121 preparatur,
1510 4057 1541 4103 ut
1565 4049 1665 4104 sicma
1682 4057 1791 4105 terreno
1812 4058 1854 4105 cst
1880 4049 2031 4132 castigatus
2045 4052 2095 4105 bu-

465 4140 656 4203 sacerdotum,
667 4139 710 4193 rel
730 4155 891 4211 pauperum,
918 4143 960 4199 rel
988 4143 1015 4198 in
1032 4143 1118 4212 aliud,
1132 4147 1206 4216 qaod
1222 4147 1255 4202 aa
1308 4156 1384 4196 more
1397 4149 1424 4196 ct
1444 4156 1494 4197 suo
1505 4141 1573 4196 nitet
1594 4139 1752 4212 splendore,
1783 4141 1823 4196 sic
1835 4156 1912 4197 rncns
1923 4140 2094 4197 offerentium

469 4231 564 4285 :nitar-is
576 4230 712 4300 pertineat
733 4242 946 4288 sacramentum.
970 4234 1102 4291 Praeterea
1120 4237 1200 4292 debet
1215 4235 1258 4291 ol·
1307 4234 1482 4304 castigetura
1497 4233 1600 4289 carnali
1615 4233 1764 4304 cupiditate
1779 4244 1806 4290 ει
1829 4248 1922 4288 coram
1937 4232 1994 4288 beo
2009 4233 2094 4288 rritcat

469 4322 534 4378 lerri
561 4324 594 4377 ad
606 4325 752 4379 errrondmn
777 4339 888 4380 cereum
906 4324 1077 4394 Pascbalem,
1093 4328 1168 4399 quod
1192 4328 1258 4385 lacit
1308 4324 1492 4396 simplicitate.
1514 4324 1605 4396 Aliqui
1629 4335 1719 4381 tauma
1737 4326 1813 4397 prius
1832 4325 1960 4392 oberunt,
1973 4336 2000 4380 ct
2015 4325 2043 4380 in
2058 4327 2093 4380 al·

469 4413 590 4470 Ecclesia
619 4415 769 4473 Gallicana.
797 4415 965 4475 collationes
980 4428 1007 4475 et
1021 4421 1200 4476 consortiales
1216 4421 1257 4476 la·
1307 4417 1359 4472 tari
1372 4416 1531 4488 disponunt,
1545 4427 1571 4473 ct
1585 4419 1661 4489 prius
1681 4433 1697 4474 a
1718 4418 1826 4489 populis
1839 4417 1992 4472 oblationes
2019 4419 2094 4472 aec}-

469 4520 532 4560 cere
547 4506 646 4561 debent
659 4507 694 4561 ad
710 4506 825 4562 emenda
851 4508 1015 4577 luminaria;
1041 4509 1120 4576 alias,
1139 4518 1169 4564 ut
1195 4511 1257 4581 qui·
1309 4511 1396 4582 pirrnt,
1425 4523 1495 4579 qnos
1510 4509 1543 4562 de
1566 4524 1636 4579 panc
1659 4508 1735 4563 uerbi
1761 4506 1808 4562 bei
1823 4507 1962 4563 rellciuat.
1977 4503 2032 4560 Sed
2051 4505 2095 4560 bic

469 4603 532 4654 dam
545 4600 631 4665 aiunt,
645 4614 699 4654 aon
715 4610 850 4671 torrentum
877 4601 924 4657 sed
950 4603 973 4659 si
1000 4603 1077 4670 llaat,
1098 4613 1257 4674 spontaneae
1307 4611 1360 4670 εει,
1372 4611 1403 4658 ιιι
1420 4601 1513 4669 credo,
1532 4611 1713 4673 praeposterus
1733 4601 1801 4655 ardo
1820 4599 1912 4671 potius
1927 4599 2041 4654 desidiae
2053 4599 2094 4654 rel

471 4705 536 4748 sant
563 4695 743 4762 oblationes3
773 4698 847 4767 quod
871 4708 962 4752 autem
985 4698 1098 4754 alicubi·
1112 4700 1258 4770 sepultura
1309 4695 1481 4766 ignorantie,
1504 4709 1587 4764 quam
1606 4693 1723 4762 alicujus
1747 4693 1872 4748 castitate
1884 4692 2009 4763 peritiae:
2026 4690 2095 4745 ordo

470 4784 635 4852 renduntur,
651 4796 678 4842 ot
691 4802 740 4856 pro
751 4803 946 4858 campanarum
958 4790 1111 4860 pulsatione
1133 4791 1257 4846 donatio·
1310 4802 1429 4856 namqae
1451 4795 1544 4842 rectus
1568 4785 1702 4856 estquod
1725 4785 1803 4855 prins
1830 4785 1944 4839 uerbum
1972 4782 2093 4845 auditur,

470 4891 519 4931 aes
543 4878 700 4947 eriguntur,
726 4889 867 4948 peccatum
898 4890 949 4946 est,
976 4891 1006 4936 ut
1022 4882 1133 4951 quidam
1158 4883 1256 4952 aiunt,
1273 4878 1432 4936 llsecundo
1445 4877 1603 4948 exponitur,
1618 4878 1698 4931 tertio
1713 4876 1844 4944 creditur,
1867 4884 1966 4948 quarto
1980 4891 2096 4931 essecu-

470 4968 539 5024 acsi
568 4981 738 5027 sacramenta
754 4971 883 5030 Ecclesiae
903 4973 1093 5031 venderentur.
1115 4971 1148 5028 Et
1161 4975 1250 5045 primo

469 5061 582 5132 quidem
595 5062 710 5119 oderant
736 5065 798 5131 viri,
819 5064 976 5136 quilortes
1001 5066 1028 5120 in
1050 5065 1161 5120 Christo
1184 5066 1257 5121 desi-

470 5162 566 5223 gnaat,
582 5154 687 5209 scilicet
711 5165 856 5228 martyres,
878 5157 926 5228 qai
943 5158 969 5210 in
984 5157 1122 5228 primitiva
1135 5156 1256 5214 Ecclesia

470 5246 538 5300 rlurn
550 5248 682 5316 perpessi,
695 5247 796 5305 Christi
812 5249 929 5304 victimae
941 5249 1142 5316 occubuerunt;
1160 5249 1256 5307 deinde

471 5334 589 5402 lcarirrn,
607 5354 668 5408 que
694 5337 846 5409 lrayiliores
859 5339 1015 5411 designant,
1030 5342 1134 5397 scilicet
1151 5342 1257 5399 coales-

472 5445 559 5492 sorcs,
569 5430 615 5500 qui
627 5441 749 5502 tompore
762 5434 837 5502 pacis
851 5432 966 5488 Domino
981 5433 1070 5490 laudis
1089 5435 1192 5491 bestias
1205 5436 1257 5491 ob-

473 5522 602 5577 tulerunt.
619 5523 687 5578 llam
712 5525 752 5581 sic
777 5525 888 5580 offertur
902 5541 918 5580 a
933 5526 1044 5596 populo,
1057 5526 1195 5583 offerenda
1213 5528 1257 5583 rel

472 5614 640 5671 offertorium
652 5627 778 5673 cantatur
795 5635 810 5673 a
841 5618 925 5682 clero,
938 5618 973 5672 ad
989 5619 1184 5689 designandam
1211 5618 1257 5673 hi·

473 5710 607 5766 laritatem
625 5712 822 5769 offerentium:
852 5734 861 5766 ι
880 5713 1015 5781 Quoniam
1043 5715 1157 5770 hilarem
1180 5716 1257 5771 dato·

474 5818 532 5858 rura
545 5805 633 5873 diligit
657 5806 728 5863 beas
743 5809 777 5875 ¹²;
796 5829 805 5860 r
829 5809 868 5863 rel
882 5808 915 5863 aa
937 5808 1141 5864 memorandam
1158 5808 1259 5880 y‘ucun·

1312 4971 1378 5026 tioni
1391 4970 1535 5025 mandatur
1548 4988 1554 5036 ;
1569 4985 1631 5023 narn
1651 4967 1717 5023 lides
1730 4977 1772 5023 cst
1784 4983 1818 5022 cx
1833 4968 1927 5022 auditu
1939 4967 1973 5030 ⁸¹,
1987 4978 2014 5022 et
2028 4966 2094 5021 fides

1312 5077 1359 5134 ρει·
1372 5062 1544 5117 dilectionem
1564 5070 1694 5133 operatur
1706 5061 1749 5114 ⁸²:
1769 5059 1889 5114 oberant
1907 5068 1998 5114 antem
2013 5058 2095 5113 mini·

1312 5151 1362 5205 stri
1376 5167 1486 5222 panem,
1500 5152 1593 5206 riarum
1608 5159 1635 5205 ει
1660 5164 1770 5220 aquam.
1786 5148 1848 5203 llaec
1862 5156 1903 5203 est
1915 5148 1987 5202 cnirn
2013 5148 2095 5218 lrrry'us

1311 5242 1438 5299 saerillcii
1463 5252 1566 5298 terrena
1586 5252 1613 5296 ει
1636 5240 1785 5296 materialis
1800 5238 1953 5295 substantia
1970 5255 1977 5304 ;
1997 5248 2043 5292 εει
2069 5245 2096 5292 ει

1310 5333 1364 5389 alia
1377 5333 1480 5400 divina,
1496 5333 1600 5389 scilicet
1614 5333 1713 5403 alequa
1742 5332 1812 5386 inira
1829 5330 1962 5386 dicemus.
1992 5328 2094 5384 Panem

1310 5438 1338 5482 ει
1349 5427 1442 5481 vinum
1466 5426 1565 5481 obtulit
1582 5424 1781 5481 blclcbisedecb
1798 5423 1831 5490 ⁸¹,
1855 5422 1955 5476 obtulit
1974 5429 2002 5477 et
2013 5421 2095 5476 Cbri-

1310 5530 1369 5576 stus
1385 5520 1413 5574 in
1427 5532 1504 5574 coena
1519 5518 1661 5588 discipulis
1675 5517 1717 5582 ⁸⁸;
1736 5517 1782 5571 sed
1811 5516 1866 5569 illic
1888 5516 1974 5587 ligura
1997 5528 2096 5584 corpo-

1311 5614 1360 5679 ris,
1384 5612 1430 5668 hic
1450 5612 1602 5667 substantia
1627 5610 1773 5665 veritatis:
1793 5608 1870 5664 dedit
1894 5607 1967 5663 enim
1994 5622 2095 5680 corpus

1311 5706 1493 5777 propriurndc
1506 5703 1615 5774 Virgine
1631 5714 1780 5775 sumptum,
1797 5703 1824 5756 in
1840 5701 1913 5771 quorl
1925 5715 2024 5770 panem
2037 5715 2096 5755 cre·

1312 5803 1403 5858 dinrrrs
1428 5801 1729 5856 transsubstantiatum.
1747 5797 1804 5853 lloc
1823 5798 1915 5867 itaque
1939 5809 2096 5849 sacramen·

511 6008 698 6067 ¹⁶libanda.
738 6014 758 6043 ‘⁷
781 6013 866 6068 lircil.
885 6012 930 6069 53.
971 6013 1154 6068 ¹⁸llattlr.⁶.'.
1194 6010 1526 6070 ”llarclizbucil
1567 5999 1872 6058 *raarrnttndata
1911 5995 2092 6050 ”aroana

476 6081 497 6110 ¹¹
511 6079 605 6135 llCur.
622 6082 648 6135 9.
688 6083 873 6139 ''Ernrl.5.“r.
915 6088 936 6117 ἰ
953 6083 1050 6138 11Ρει·.
1068 6085 1095 6137 ι.
1139 6086 1162 6116 ¹⁸
1177 6082 1269 6138 llnttlr.
1284 6083 1328 6136 91.
1369 6083 1532 6150 wimple.
1571 6078 1724 6130 ”llrluub
1765 6075 1786 6105 ²⁸
1803 6073 1868 6128 latr.
1888 6071 1929 6124 itt.
1968 6067 1991 6100 ¹⁸
2014 6064 2091 6123 loau.

477 6152 506 6205 ll
560 6153 736 6208 ernoldo
787 6158 805 6188 ³¹
829 6153 906 6210 llorn.
936 6157 977 6208 ιθ.
1017 6154 1160 6210 3ἘιιΙ.ἰὶ.
1201 6158 1221 6185 ²⁴
1250 6154 1316 6208 den.
1348 6155 1386 6208 ll.
1428 6151 1625 6206 ³'Itlattlcz’li
