5125 7059
955 714 1118 773 distollit
1136 711 1382 771 stelenusttttl.

1153 828 1292 894 AComes
1317 841 1381 882 reru
1409 836 1513 892 noster,
1532 833 1625 898 utpote
1649 827 1690 881 rlr
1713 826 1847 884 discretus
1868 837 1895 884 et
1910 845 1973 885 eum

587 833 716 891 eatur
748 831 902 889 xxxvii.

616 925 727 982 Obsidio
747 925 884 981 ifinerboe.

387 1018 467 1072 Anno
479 1018 514 1073 ab
524 1017 714 1075 incarnatione
726 1018 834 1073 Domini
857 1016 937 1082 letti,
951 1016 1022 1072 circa
1038 1015 1136 1070 festrtm

352 1107 385 1163 B.
398 1107 515 1166 loatrnls
530 1109 669 1180 Bnptistae,
685 1110 759 1166 eires
781 1108 975 1165 Narbonenses
991 1108 1137 1163 mandare·

351 1211 418 1256 runt
432 1201 528 1256 comiti
547 1213 641 1257 nostro
656 1212 686 1257 ul
702 1201 840 1257 obsideret
855 1200 1016 1267 llirtetbam,
1033 1210 1061 1256 ct
1085 1199 1136 1270 ipsi

350 1309 498 1365 proposse
521 1310 572 1350 suo
586 1310 649 1350 eum
674 1294 845 1363 aeliotarent.
870 1290 927 1348 Ηιι
945 1301 1036 1347 antem
1053 1290 1137 1345 facie-

350 1386 429 1452 bant,
455 1390 519 1458 quia
535 1387 573 1442 illi
590 1388 624 1442 dc
646 1385 767 1441 blitterba
796 1401 844 1440 eos
858 1383 940 1439 nimis
960 1383 1136 1445 infestabant,

350 1478 493 1547 magisque
506 1494 555 1534 eos
569 1478 602 1532 ad
616 1478 669 1533 lntc
693 1477 822 1532 mouebat
835 1491 913 1530 antor·
936 1476 1060 1531 utilitatis
1072 1490 1137 1544 pro-

350 1571 419 1641 prie
430 1586 513 1641 qnam
530 1570 605 1625 zelus
619 1568 760 1638 religionis
782 1565 959 1622 Christianae.
972 1566 1070 1623 Comes
1088 1583 1138 1621 au·

1919 717 1973 772 tlte

1188 921 1307 977 consilio
1332 928 1431 976 cuncta
1453 934 1548 990 agcrrs,
1565 919 1634 975 dixit
1658 920 1730 990 quod
1745 920 1778 975 de
1796 920 1933 978 deditione
1948 933 1975 979 et

1190 1015 1346 1086 receptione
1358 1013 1441 1067 castri
1462 1011 1530 1067 nibil
1546 1010 1658 1076 iaceret,
1671 1011 1724 1066 nisi
1737 1011 1810 1081 qnod
1830 1013 1915 1068 abbas
1926 1012 1975 1069 Ci-

1188 1107 1348 1163 stcrciensis
1364 1105 1448 1161 totius
1472 1103 1575 1175 negotii
1599 1105 1703 1162 Christi
1728 1107 1976 1178 magister,decer-

1188 1207 1266 1255 neret
1290 1196 1447 1253 iaciendum
1465 1213 1543 1267 :qno
1566 1196 1671 1263 andito,
1694 1196 1781 1253 abitas
1794 1198 1872 1253 valde
1889 1199 1976 1255 doluit

1189 1297 1284 1358 utpote
1307 1287 1435 1342 inimicos
1450 1286 1553 1342 Clrristi
1574 1288 1644 1341 mori
1660 1289 1829 1355 desiderans,
1842 1300 1869 1346 ct
1884 1301 1974 1347 tamen

1188 1382 1222 1435 ad
1235 1389 1351 1435 mortem
1365 1380 1491 1451 judicare
1511 1397 1565 1437 nort
1579 1382 1694 1446 audeus,
1710 1397 1772 1437 cum
1791 1392 1864 1439 esset
1877 1401 1975 1440 mona·

1187 1473 1257 1529 citus
1271 1482 1299 1528 et
1311 1474 1451 1529 sacerdos.
1464 1472 1594 1545 Cogitarrs
1613 1487 1679 1545 crgo
1694 1475 1832 1543 quomodo
1846 1476 1974 1532 comitem

1187 1566 1230 1621 rel
1243 1565 1346 1620 dictum
1363 1563 1549 1630 Guillclmnnt,
1565 1566 1611 1635 qui
1626 1566 1708 1620 etiam
1728 1581 1810 1636 snper
1823 1567 1976 1624 redditione

350 1671 407 1720 tem
420 1664 559 1720 mandarit
570 1663 708 1717 Aitnerico
720 1662 833 1717 donnino
844 1660 978 1717 barbona
989 1670 1016 1715 et
1032 1660 1138 1716 ciuibus
1187 1658 1272 1714 castri
1289 1674 1318 1714 sc
1339 1658 1447 1714 abbatis
1474 1658 1589 1713 arbitrio
1612 1657 1752 1724 olferebat,
1767 1669 1858 1730 posset
1872 1676 1887 1715 a
1900 1677 1976 1717 eom·

351 1757 495 1823 omnibus,
507 1758 579 1830 qnod
594 1756 618 1811 si
641 1755 743 1810 vellent
757 1771 819 1809 cntn
831 1755 928 1824 jurare
943 1753 1041 1808 melius
1055 1765 1138 1822 quant
1187 1750 1383 1822 promissione,
1398 1766 1480 1822 quam
1493 1752 1563 1806 inter
1577 1766 1606 1828 se
1620 1749 1741 1807 fecerant
1753 1767 1880 1807 revocare
1895 1771 1902 1807 ι
1915 1753 1977 1823 jus·

350 1858 432 1903 antea
460 1850 593 1914 fecerant,
609 1857 637 1902 el
653 1863 716 1903 cnttt
741 1848 802 1918 ipso
817 1861 903 1916 usque
924 1846 957 1901 ad
983 1844 1137 1916 captionem
1188 1844 1224 1898 sit
1236 1853 1263 1898 ut
1278 1852 1403 1915 uterque.
1417 1844 1649 1901 contesridelicet
1674 1852 1702 1899 et
1725 1843 1900 1911 Guillelmns,
1919 1860 1977 1900 rno-

350 1955 538 2011 persetetare,
568 1940 707 1996 obsideret
732 1937 882 1994 ilinerbatrt
901 1937 996 2007 :qnod
1014 1953 1076 1992 cunt
1099 1937 1138 1992 illi
1188 1935 1254 1990 dnnr
1270 1936 1432 1993 redditionis
1445 1937 1529 1992 castri
1542 1936 1569 1991 in
1584 1936 1716 2006 seriptum
1733 1937 1885 2006 redigerent
1900 1953 1906 1990 :
1924 1937 1977 1992 boc

350 2034 555 2103 promisissent,
572 2033 663 2088 statim
679 2030 712 2085 ad
725 2031 904 2087 obsidendam
922 2028 1073 2084 bilnerbanr
1090 2043 1138 2084 co·
1188 2038 1279 2084 antem
1296 2027 1425 2095 faciebat,
1445 2037 1474 2083 ut
1488 2031 1553 2083 dum
1581 2028 1714 2098 seriptum
1731 2028 1813 2083 unius
1826 2029 1903 2085 alteri
1921 2044 1975 2085 rron

351 2139 411 2180 ntes
425 2140 488 2179 cnm
514 2123 572 2178 suis
586 2123 719 2177 militibus
745 2119 911 2191 properarit.
927 2117 1063 2184 Quocum
1080 2133 1139 2190 per·
1188 2122 1317 2192 placeret,
1332 2121 1604 2191 acompromissiotte
1616 2136 1697 2192 quam
1711 2119 1832 2175 fecerant
1847 2122 1975 2179 resiliret.

349 2217 501 2281 vertissent,
516 2231 609 2270 comes
626 2213 725 2270 tlorrtts
743 2213 822 2269 furtis
835 2213 952 2267 tentoria
966 2211 1001 2267 ab
1014 2213 1138 2279 oriettle;
1154 2184 1176 2240 B
1191 2211 1329 2283 Scriptum
1344 2211 1493 2280 Guillclmi,
1507 2214 1571 2269 dnm
1587 2222 1660 2269 essct
1682 2230 1775 2269 eoram
1793 2216 1894 2271 corttite
1907 2217 1978 2273 reci·

350 2309 464 2379 qnidam
482 2308 561 2366 miles
575 2307 684 2363 comitis
703 2307 750 2376 qni
765 2305 908 2362 dicebatur
918 2303 1007 2359 Grrirlo
1020 2305 1054 2359 dc
1066 2303 1139 2359 bue·
1191 2313 1290 2372 talum,
1302 2322 1357 2361 non
1385 2305 1522 2377 acquievit
1535 2321 1639 2371 cuntes,
1654 2306 1701 2362 sed
1728 2308 1796 2362 dixit
1807 2309 1919 2364 domiuo
1931 2326 1978 2366 ca·

350 2415 406 2462 eto,
421 2416 484 2455 cum
505 2399 674 2455 iascottilms
690 2400 735 2469 qui
751 2398 876 2464 aderam,
892 2397 949 2451 lixit
973 2396 1089 2450 tentoria
1105 2395 1141 2450 ab
1190 2400 1239 2456 stri
1254 2414 1285 2454 nt
1295 2399 1410 2454 intraret
1424 2408 1544 2454 castrum
1555 2414 1649 2467 suum,
1666 2410 1693 2455 et
1706 2415 1736 2456 se
1747 2400 1906 2456 defenderet
1921 2403 1976 2459 sic·

351 2493 511 2557 occidente;
522 2492 557 2547 ab
575 2492 705 2563 aquilone
719 2491 873 2547 rlitrrcricus
887 2491 920 2546 de
932 2488 1059 2546 Narbona
1075 2504 1139 2546 cum
1190 2501 1220 2547 ιιι
1231 2500 1323 2563 posset
1339 2509 1346 2546 ι
1363 2491 1435 2562 qnod
1448 2491 1493 2547 ille
1507 2491 1604 2559 uoluit,
1620 2492 1668 2548 scd
1688 2492 1804 2562 subjecit
1818 2508 1848 2549 sc
1860 2509 1909 2564 per
1917 2508 1978 2550 om·

349 2588 461 2643 ciribns
475 2588 550 2654 snis;
565 2603 580 2641 a
598 2587 710 2641 meridie
736 2584 848 2656 quidam
875 2585 923 2638 aiii
937 2582 1074 2654 peregrini
1089 2600 1097 2638 t
1112 2584 1138 2639 ιιι
1191 2585 1235 2639 nia
1249 2584 1360 2640 comitis
1386 2583 1536 2651 rolnrrratl;
1567 2584 1747 2658 nibilominus
1769 2595 1859 2640 tamen
1884 2602 1978 2644 contet

350 2665 500 2735 toto'cttinr
514 2678 635 2733 exercitu
651 2693 704 2732 non
719 2686 779 2731 erat
795 2676 895 2746 aliquis
907 2687 1070 2746 praepotens,
1087 2675 1138 2731 uisi
1189 2677 1288 2743 soluit,
1315 2684 1346 2733 nt
1361 2687 1449 2732 totum
1473 2676 1559 2744 lieret,
1584 2686 1666 2748 prout
1687 2676 1774 2734 abbas
1787 2678 1978 2736 Cistercieusis

351 2787 446 2826 comes
460 2780 487 2825 et
501 2770 657 2825 Aitncrictrs
682 2769 716 2825 de
739 2767 877 2823 Narbona.
899 2766 1027 2822 Castrum
1048 2776 1139 2821 antem
1190 2773 1350 2842 disponeret
1374 2769 1539 2828 iaciendum.
1563 2769 1706 2828 0rdtnarit
1736 2772 1820 2845 igitur
1845 2775 1929 2832 abbas
1948 2786 1979 2832 nt

350 2861 420 2917 illnd
439 2859 609 2915 incredibilis
630 2868 691 2918 erat
708 2857 889 2924 fortitudinis,
917 2856 1140 2928 profundissimis
1190 2864 1322 2920 dominus
1334 2865 1418 2920 castri
1433 2873 1461 2920 et
1478 2879 1575 2921 omnes
1592 2865 1640 2934 qui
1656 2865 1682 2920 ιιι
1706 2876 1797 2922 castro
1818 2876 1906 2935 erant,
1918 2884 1980 2925 cre·

350 2956 456 3024 quippe
471 2962 498 3008 et
517 2952 616 3007 trutinis
627 2951 745 3006 trallibus
760 2951 938 3022 cmgebatur;
954 2951 1046 3021 itaque
1061 2966 1084 3004 st
1097 2966 1141 3005 tte·
1190 2955 1287 3012 dentes
1303 2957 1385 3010 etiam
1401 2956 1604 3022 baeretrcornm,
1617 2956 1640 3012 si
1652 2957 1751 3013 vellent
1766 2960 1936 3016 reconciliari
1951 2972 1979 3018 ct

351 3047 473 3102 cessitas
495 3046 645 3117 ingrueret,
666 3061 720 3100 trun
741 3052 847 3115 poterat
860 3042 997 3098 exercitus
1007 3042 1140 3098 exercitui
1192 3059 1267 3105 stare
1282 3050 1413 3105 rrtandato
1426 3047 1565 3113 Ecclesiae,
1581 3051 1635 3104 siri
1650 3053 1806 3118 eraderent,
1819 3063 1910 3109 castro
1930 3070 1979 3110 cu-

352 3139 416 3195 slne
437 3138 559 3193 maximo
584 3137 744 3193 discrimine
768 3135 926 3192 subuenire.
954 3134 1019 3191 l'ost
1041 3137 1100 3191 bec
1123 3150 1140 3190 a
1191 3142 1251 3198 miti
1268 3150 1443 3209 rerrranentc;
1469 3141 1582 3212 perfecti
1603 3143 1686 3198 ctiam
1712 3144 1843 3211 ltaeretici,
1858 3160 1978 3216 qnorum

352 3240 433 3302 parte
454 3228 608 3286 Vasconum
628 3239 718 3284 erecta
734 3237 777 3284 cst
789 3231 915 3299 qtrsedam
931 3229 1068 3295 maelrrrta,
1079 3246 1140 3301 que
1192 3236 1227 3290 lbi
1242 3244 1301 3291 erat
1327 3234 1443 3306 plurima
1457 3234 1615 3301 multitudo,
1628 3235 1808 3292 nibilominus
1819 3238 1980 3306 eraderent,

353 3326 458 3381 dicitur
482 3323 682 3393 mangonellus,
697 3339 723 3376 nt
735 3337 789 3393 qna
802 3323 846 3376 die
858 3338 890 3377 ac
903 3332 982 3377 nocte
997 3322 1140 3379 instantis·
1192 3344 1215 3385 st
1232 3330 1265 3383 ad
1287 3329 1367 3383 lldcm
1380 3326 1553 3382 Catlrolieam
1573 3329 1694 3383 conserti
1710 3328 1809 3383 relletrt
1834 3328 1912 3397 Quod
1927 3346 1980 3386 an-

352 3418 426 3474 sinte
448 3416 620 3471 laborabant.
642 3415 791 3470 Anteridrc
809 3415 937 3470 similttcr
962 3422 989 3468 et
1011 3415 1141 3485 aquilone
1191 3421 1270 3477 diens
1292 3419 1484 3475 tirnobiliset
1497 3426 1571 3474 tolus
1586 3419 1613 3472 itt
1632 3419 1686 3474 lide
1705 3419 1864 3476 Catlrnlteus
1877 3419 1982 3478 llober·

353 3524 452 3570 erectae
470 3512 581 3568 itrcrnnt
597 3512 658 3566 duce
673 3511 816 3577 maclrinae,
833 3526 886 3565 una
911 3511 985 3578 irinc,
999 3510 1051 3566 alia
1067 3510 1139 3566 inde.
1155 3524 1178 3585 c
1194 3509 1467 3569 testiculus-ilicium
1483 3511 1530 3581 qui
1552 3510 1658 3579 aderat,
1671 3513 1736 3582 quia
1759 3514 1864 3569 serlrcet
1879 3514 1980 3570 lrbera-

353 3608 376 3664 Δ
391 3617 469 3679 parte
482 3620 547 3660 tero
561 3605 680 3672 currtitis,
693 3604 774 3659 idest
789 3605 824 3658 ab
835 3606 953 3667 oriente,
969 3613 1028 3659 erat
1042 3620 1141 3676 magna
1192 3612 1290 3659 rentur
1314 3603 1446 3667 baeretici,
1466 3609 1578 3671 propter
1600 3615 1671 3672 qnos
1685 3602 1839 3671 perdendus
1860 3605 1980 3661 advene·

351 3708 382 3754 et
395 3707 499 3768 optmra
520 3697 649 3767 petraria,
666 3710 727 3765 que
749 3710 913 3766 uttaqnaqne
940 3694 984 3750 die
999 3696 1142 3751 constabat
1192 3707 1254 3753 rant
1269 3695 1417 3766 peregrini,
1434 3696 1534 3751 timens
1557 3694 1631 3765 qnod
1647 3708 1682 3750 ne
1698 3693 1768 3750 forte
1782 3696 1882 3751 timore
1892 3695 1979 3764 ducti,

354 3792 383 3846 in
407 3787 594 3844 conducendis
611 3787 783 3842 trahentibus
804 3788 839 3842 ad
868 3787 1025 3842 rnacbirram
1043 3803 1090 3843 ut
1106 3788 1141 3842 li·
1191 3807 1255 3846 curn
1269 3789 1327 3860 jam
1342 3790 1412 3860 capti
1427 3798 1530 3856 essent,
1545 3788 1678 3859 quidquid
1702 3791 1788 3847 nostri
1803 3791 1903 3846 uellent
1917 3807 1981 3862 pro-

354 3883 481 3939 brarurn.
1193 3886 1333 3937 mitterent
1351 3882 1511 3950 adimplere,
1526 3881 1659 3938 resistens
1677 3883 1770 3938 abbati
1785 3886 1812 3940 in
1829 3884 1925 3942 faciem
1938 3885 1981 3942 di·

391 3974 542 4046 Postquam
569 3986 662 4031 autem
686 3974 774 4030 nostr-i
795 3968 996 4045 aliquantulum
1011 3973 1142 4046 temporis
1192 3976 1241 4039 cit,
1265 3973 1339 4043 quod
1366 3972 1418 4028 boe
1433 3972 1521 4028 nostri
1548 3974 1709 4031 nullomodo
1724 3976 1900 4035 sustinerent.
1928 3978 1981 4036 Cui

355 4068 384 4122 irt
397 4069 599 4139 expugnatione
614 4069 697 4123 castri
709 4067 900 4122 laboraverant
912 4068 1143 4138 rnentoratl,qua·
1193 4067 1278 4122 abbas
1294 4065 1437 4136 respondit
1459 4085 1466 4121 :
1496 4084 1506 4118 ι
1527 4064 1566 4122 Νι
1581 4067 1690 4136 timeas,
1706 4057 1769 4140 qnia
1796 4071 1879 4126 credo
1905 4072 1981 4143 qnod

353 4165 421 4218 dam
436 4173 515 4217 nocte
529 4160 673 4216 llortrirtica
689 4171 821 4216 exeuntes
836 4161 873 4215 illi
896 4162 930 4217 de
945 4171 1046 4229 castro,
1061 4178 1143 4218 renc-
1192 4158 1354 4232 pauclssimi
1380 4167 1586 4217 convertentur.
1604 4179 1614 4213 t
1632 4159 1680 4217 llis
1700 4163 1797 4219 diebus
1810 4166 1982 4234 praecedente

356 4263 425 4311 runt
439 4254 472 4308 ad
484 4254 574 4308 lucum
597 4253 644 4308 ubi
658 4263 717 4308 erat
731 4253 862 4323 petraria,
880 4253 1067 4324 coplrinusque
1083 4254 1141 4324 ple·
1194 4272 1285 4323 crrtcc,
1304 4265 1331 4312 ιι
1345 4256 1445 4312 vexillo
1469 4258 1579 4313 comitis
1603 4259 1798 4330 subsequente,
1822 4261 1913 4318 uillam
1937 4264 1982 4319 in·

356 4363 409 4403 nos
421 4355 512 4416 stupa,
527 4346 609 4417 lignis
624 4345 706 4401 siccis
723 4346 834 4402 minutis
850 4334 877 4401 e't
891 4347 970 4417 adipe
994 4348 1085 4403 unctis
1101 4348 1144 4402 in·
1195 4356 1269 4403 lrant
1293 4348 1392 4411 nostri.
1407 4357 1434 4403 et
1450 4357 1593 4405 cantantes
1617 4348 1652 4405 Te
1671 4349 1755 4404 ileum
1768 4352 1921 4422 laudantur,
1936 4371 1983 4412 ee·

355 4445 529 4503 strumentis,
545 4439 630 4493 dorso
646 4438 772 4508 petrariae
791 4438 992 4508 applicuerunt,
1006 4454 1070 4495 mox
1081 4439 1143 4507 igne
1194 4441 1306 4496 clesiant
1322 4441 1436 4506 adeunt,
1451 4456 1535 4511 quam
1563 4442 1779 4511 reconciliatam,
1797 4460 1906 4502 crucem
1925 4447 1983 4505 lion

355 4532 502 4603 supposito
525 4532 635 4585 llarrnna
663 4531 746 4586 altius
761 4547 790 4587 se
806 4530 935 4587 infundit.
961 4530 1027 4586 Erat
1043 4533 1143 4602 qnippe
1195 4532 1324 4588 minicam
1341 4533 1368 4586 itt
1386 4535 1544 4590 summitate
1557 4535 1641 4590 turris
1661 4546 1777 4610 llonnrrt,
1791 4540 1920 4594 vexillum
1934 4556 1983 4597 co-

355 4633 469 4694 tempus
481 4625 606 4677 aest'trum
627 4631 655 4676 et
669 4623 879 4689 calidissimum,
894 4627 968 4680 circa
992 4624 1101 4689 ieslum,
1114 4632 1145 4678 ut
1195 4625 1272 4680 mitis
1288 4625 1340 4680 alia
1357 4624 1385 4679 itt
1408 4633 1487 4695 parte
1511 4626 1643 4682 locantes.
1667 4627 1793 4684 Cirristus
1815 4631 1915 4702 quippe
1931 4633 1984 4688 vil·

355 4718 462 4774 dictum
481 4725 535 4781 est,
553 4713 583 4771 S.
609 4714 733 4785 loangis.
760 4715 882 4788 Conligit
908 4727 1011 4785 autem,
1036 4717 1144 4772 volente
1197 4715 1250 4770 lam
1268 4729 1387 4785 ceperat,
1399 4725 1426 4770 ct
1441 4716 1554 4788 dignum
1575 4728 1635 4774 erat
1652 4721 1820 4775 utverrillum
1841 4723 1901 4793 ejus
1914 4740 1982 4795 prae·

355 4808 425 4875 Deo,
434 4807 508 4878 quod
521 4822 592 4862 urtus
605 4808 640 4863 de
654 4807 768 4878 illisqui
783 4807 928 4862 trabebant
941 4807 975 4861 ad
984 4807 1142 4877 petrariam,
1196 4809 1313 4873 cederet,
1329 4817 1356 4865 et
1371 4811 1398 4863 in
1413 4810 1588 4872 eminentiori
1601 4812 1661 4867 loeo
1672 4814 1803 4884 positum,
1818 4816 1984 4874 Cirristianae

356 4903 474 4960 secessit
489 4902 517 4956 in
530 4902 576 4956 illa
589 4903 655 4958 bora
666 4902 700 4956 ad
713 4901 849 4971 exquisita
866 4913 971 4956 naturae
986 4918 993 4955 ι
1009 4901 1067 4971 qni,
1085 4902 1144 4956 riso
1198 4901 1320 4956 victoriae
1344 4910 1531 4957 testrmontum
1554 4905 1724 4974 peritibetct;
1738 4918 1926 4965 verumtamen
1940 4925 1985 4965 co·

356 4990 433 5064 igne,
455 4993 645 5048 tebemmrtins
670 4993 852 5059 ctclarnat·tt;
875 5007 939 5047 mot
956 5008 1028 5047 unus
1041 5007 1074 5047 ιι
1090 4993 1145 5048 illis

356 5085 405 5157 qui
429 5086 521 5156 ignem
538 5095 731 5157 apposuerant,
750 5086 874 5141 lanceam
896 5085 1053 5155 projiciens,
1067 5085 1144 5140 illunt

356 5178 482 5250 graviter
495 5178 647 5234 rulnerarit
663 5197 670 5234 :
690 5179 720 5234 llt
744 5180 874 5249 strepitus
889 5179 916 5233 lu
936 5180 1069 5244 exercitu,
1082 5192 1146 5234 cur·

356 5282 426 5327 runt
442 5271 533 5335 multi,
549 5271 693 5343 ipsamque
714 5274 859 5342 petrariam
872 5280 926 5325 tarrt
945 5271 1108 5326 miraculose
1119 5278 1148 5326 et

357 5364 452 5420 subito
464 5377 529 5417 mox
540 5361 701 5430 defendunt,
721 5364 795 5434 quod
808 5363 859 5417 nisi
874 5362 1003 5433 perdutis
1023 5362 1094 5418 ictus
1104 5362 1148 5442 ja·

356 5471 422 5512 ecre
433 5469 488 5510 non
504 5457 635 5512 cessarit.
649 5454 713 5511 l‘ost
735 5455 840 5526 aliquot
856 5471 921 5512 reru
938 5455 1008 5522 dies,
1024 5471 1086 5512 cum
1103 5455 1147 5511 di·

357 5558 410 5604 ctae
425 5547 574 5614 maclrinae,
601 5558 722 5604 castrum
745 5562 779 5602 et
796 5562 893 5618 ttmgtta
922 5557 997 5617 parte
1012 5547 1150 5603 debilitas·

357 5650 432 5705 serit,
449 5638 642 5696 deficientibus
661 5643 744 5696 ctiam
768 5642 944 5707 tietualibns,
968 5640 1069 5696 deiecit
1094 5640 1149 5697 illis

358 5733 407 5804 qui
436 5730 626 5796 inluserunt,
650 5733 762 5787 animus
786 5732 941 5788 resistendi.
955 5732 1026 5800 Quid
1054 5732 1150 5803 plural

357 5821 508 5881 Postulant
531 5838 626 5894 pacem
654 5824 815 5880 aduersarii.
833 5823 896 5879 Exit
923 5823 1000 5881 foras
1021 5825 1150 5881 dominus

358 5916 457 5982 castri,
472 5916 584 5972 numine
597 5913 761 5972 Gnillclmut
773 5916 808 5971 de
822 5915 956 5985 ifittcrba,
972 5933 1035 5973 cum
1049 5917 1151 5973 comite

358 6009 525 6076 locuturum
540 6009 606 6064 dum
622 6018 714 6064 autern
730 6010 922 6079 loquerentur,
944 6011 1030 6067 abbas
1042 6009 1150 6069 Cister-

359 6102 475 6169 cletrsis,
490 6110 518 6158 ιι
529 6102 659 6172 magister
670 6099 846 6169 Tbcodlslus,
858 6103 892 6161 de
905 6119 961 6176 quo
973 6121 1056 6177 supra
1070 6121 1150 6163 mert-

361 6199 465 6255 tionem
481 6194 609 6264 fecimus,
621 6197 715 6254 subito
726 6212 759 6253 et
773 6197 914 6268 insperato
922 6217 1148 6277 superrerreraan.

523 6293 659 6355 i’trttut..
676 6288 813 6357 ccxltl.

1199 5008 1258 5048 mes
1273 5001 1340 5047 tunc
1353 5007 1407 5046 nun
1419 4993 1541 5048 intrarit.

1234 5083 1282 5138 llis
1294 5085 1389 5155 gestis,
1404 5085 1569 5140 venerabilis
1584 5085 1669 5143 abbas
1682 5089 1793 5144 vallium
1806 5088 1922 5162 Sarnay,
1935 5097 1984 5162 qul

1198 5185 1256 5232 erat
1269 5191 1332 5231 cum
1349 5177 1448 5230 comite
1459 5175 1486 5230 in
1500 5176 1655 5243 obsidione,
1672 5181 1867 5253 negotiumque
1882 5183 1984 5239 Cirristi

1198 5269 1282 5324 ttniro
1296 5268 1513 5338 amplectebatur
1525 5269 1632 5336 altena,
1653 5271 1769 5326 audiens
1792 5273 1985 5328 baereticorum

1199 5361 1402 5417 multitudinem
1424 5369 1616 5431 congregatam
1642 5362 1669 5416 in
1694 5363 1812 5433 qnadam
1829 5365 1922 5426 doute,
1938 5381 1985 5418 ac·

1199 5457 1285 5512 cessit
1306 5454 1340 5510 ad
1357 5470 1407 5510 eos
1420 5453 1563 5524 perferens
1586 5454 1641 5511 illis
1656 5457 1738 5511 rerba
1758 5457 1834 5527 pacis
1846 5465 1874 5511 et
1887 5457 1986 5512 salutis

1200 5549 1316 5613 monita,
1332 5546 1405 5616 ipsos
1419 5545 1446 5600 iu
1467 5546 1567 5602 melius
1592 5555 1752 5601 convertere
1777 5546 1905 5618 cupiebat
1918 5565 1925 5601 ι
1938 5546 1987 5616 qul

1200 5640 1282 5695 rerba
1306 5637 1368 5708 ejus
1382 5637 1625 5709 interrumpentes,
1641 5651 1738 5693 omncs
1761 5654 1815 5693 utta
1831 5653 1899 5695 rece
1909 5639 1986 5694 dixe·

1200 5742 1316 5788 runt:r
1342 5731 1435 5800 Quare
1458 5733 1550 5788 serbis
1579 5729 1746 5802 praedicatis,
1770 5729 1851 5786 lldem
1867 5739 1986 5788 restrum

1201 5827 1348 5892 nolumus;
1370 5823 1521 5882 domanam
1535 5822 1684 5880 Ecclesiam
1705 5822 1881 5887 abdiraman
1898 5822 1925 5876 in
1938 5835 1987 5875 ra·

1201 5933 1268 5972 num
1291 5917 1441 5982 laboratis;
1459 5933 1474 5972 a
1489 5925 1562 5972 secta
1586 5930 1669 5987 quatu
1693 5924 1818 5971 terremus
1834 5928 1885 5970 ιιι
1911 5927 1989 5970 mors

1202 6026 1252 6068 nec
1266 6009 1322 6066 rita
1350 6012 1450 6083 poterit
1473 6025 1524 6065 nos
1545 6024 1674 6066 mrocare
1689 6007 1778 6078 (dom.
1801 6010 1881 6076 nni:
1904 6021 1988 6078 rqrto

1202 6105 1306 6169 audito,
1324 6118 1387 6160 mex
1402 6104 1488 6160 abbas
1512 6103 1677 6160 venerabilis
1701 6101 1909 6164 eriritadomo
1931 6087 1987 6167 illa,

1203 6213 1230 6260 ιι
1245 6201 1277 6257 ad
1296 6199 1435 6268 mutieres,
1447 6215 1508 6272 qua
1523 6200 1550 6255 in
1564 6199 1615 6256 alia
1629 6197 1773 6254 mansione
1783 6203 1862 6251 ιιιιιι
1872 6209 1990 6266 magre-

1794 6289 1832 6346 tu
