5125 7059
360 668 414 726 805
870 663 1077 721 anteportis
1098 662 1280 720 spinosus
1297 662 1459 720 liemon.
1917 668 1973 725 806

361 781 531 856 mysterium.
557 780 603 836 tit
618 781 691 837 eninr
714 779 779 835 mibi
798 777 951 835 Dominus:
967 778 1077 834 Drcoece
1096 753 1179 841 cer'A
1191 785 1218 834 et
1233 779 1317 833 libum
1329 778 1502 849 germinabit,
1518 794 1568 834 nec
1580 787 1671 835 tamen
1693 778 1800 836 Patrem
1822 791 1868 836 aut
1890 781 1979 854 Spiri-

359 875 452 946 pepuli
463 874 552 945 ltsjttr,
568 882 598 929 ιιι
611 873 736 943 intramnis
750 872 878 934 audiatis,
893 880 1050 928 tamennon
1066 872 1143 926 intel·
1193 877 1250 925 turn
1276 879 1412 933 sanciunt,
1427 871 1475 927 sed
1491 874 1679 927 tantummodo
1693 874 1829 943 concipiet
1842 882 1871 930 et
1890 878 1979 946 pariet

360 965 465 1038 ligatis.
490 963 611 1022 Videatis
633 965 718 1021 Deum
743 963 880 1020 bominem
908 964 1022 1028 iactum,
1040 973 1067 1020 et
1087 980 1143 1020 non
1191 959 1307 1017 Filium:
1327 960 1453 1017 Genitnm
1479 962 1513 1016 ab
1529 971 1630 1018 aterno
1650 965 1796 1034 concipiet,
1817 975 1978 1036 conceptum

361 1057 516 1129 agnoscatis
532 1072 605 1113 curn.
627 1056 739 1112 Frustra
760 1070 825 1127 crgo
845 1053 931 1111 ludat
951 1054 1086 1110 alitrmant
1112 1070 1142 1112 se
1191 1068 1224 1108 ex
1249 1064 1371 1125 tempore
1399 1056 1486 1126 pariet
1514 1055 1684 1125 unigenitum
1709 1056 1843 1113 ditissimi
1867 1056 1976 1115 Filium.

360 1148 434 1202 banc
451 1147 619 1218 prophetiam
637 1147 798 1218 intelligere,
819 1158 882 1200 curn
898 1146 933 1200 ab
954 1146 1014 1217 ipso
1029 1143 1142 1199 Domino
1192 1142 1262 1208 Quid
1284 1153 1381 1199 natura
1404 1146 1534 1201 miraris?
1555 1145 1649 1202 Virtus
1672 1145 1718 1202 Dei
1742 1155 1784 1203 est
1807 1148 1880 1218 quod
1895 1147 1979 1219 Virgo

359 1255 410 1295 cor
428 1254 523 1295 eorutn
537 1239 704 1294 obcaecatum
719 1240 755 1294 sit
766 1246 794 1294 et
808 1237 977 1300 induratum,
990 1236 1017 1292 id
1032 1244 1075 1292 est
1089 1251 1142 1291 cre·
1191 1236 1338 1306 concipiet,
1361 1237 1491 1292 snlrtrobe
1516 1251 1645 1304 cursum,
1671 1254 1722 1294 nec
1749 1255 1857 1311 quaeras
1884 1257 1976 1298 usnnr.

359 1330 418 1382 cari
438 1339 466 1384 et
490 1328 612 1384 indurari
629 1329 803 1399 permissum,
819 1328 980 1397 ablatusque
995 1329 1031 1383 sit
1053 1325 1141 1382 abeis
1191 1323 1288 1381 Cesset
1312 1326 1491 1389 consuetudo,
1517 1334 1636 1382 mutetur
1661 1329 1774 1401 agnitio.
1797 1328 1860 1386 Sola
1885 1330 1978 1386 divina

360 1422 517 1477 intellectus
540 1421 690 1492 propbetiae
716 1419 808 1490 buius,
836 1435 871 1474 ne
894 1427 1090 1474 convertantur
1113 1423 1141 1473 et
1191 1419 1262 1471 ratio
1286 1419 1439 1487 prevalent,
1462 1418 1507 1473 cui
1529 1420 1621 1472 omnia
1644 1421 1783 1489 possibilia
1807 1429 1883 1486 sunl,
1898 1423 1979 1490 cttjns

359 1520 499 1568 sanentur.
517 1510 630 1575 Audite,
644 1511 750 1581 inquit,
770 1509 863 1565 domur
881 1508 979 1565 Dauid.
995 1510 1078 1566 Estne
1093 1525 1141 1581 pa·
1190 1509 1259 1564 velie
1272 1510 1403 1578 putentia,
1419 1510 1498 1578 enjus
1509 1524 1590 1579 posse
1613 1518 1655 1565 cst
1667 1511 1769 1567 omnia.
1783 1511 1868 1583 Virgo
1885 1514 1980 1568 conei-

359 1619 421 1659 rum
435 1603 513 1659 tobis
527 1603 600 1675 quod
614 1600 722 1658 molesti
741 1604 809 1656 estis
828 1599 997 1663 bominibus.
1010 1616 1066 1654 non
1080 1615 1141 1656 cre·
1190 1600 1368 1671 piet,none1
1382 1600 1478 1655 ardore
1491 1601 1595 1668 carnis,
1610 1601 1657 1656 sed
1669 1617 1701 1656 er
1718 1616 1810 1659 amore
1822 1604 1929 1672 dirino;
1944 1604 1980 1662 de

358 1693 455 1749 dentes
469 1709 501 1749 ea
517 1709 576 1765 qua
594 1692 732 1763 propbetas
744 1691 937 1761 pronuntiant,
954 1691 1000 1762 qui
1016 1691 1141 1747 bornines
1191 1693 1303 1754 virtute,
1315 1707 1369 1746 nott
1384 1692 1417 1747 de
1434 1693 1498 1746 titio
1508 1710 1516 1758 ;
1526 1692 1560 1748 de
1570 1692 1709 1757 creatore,
1722 1709 1776 1749 noo
1791 1695 1824 1750 de
1835 1704 1976 1760 creatora,

358 1796 435 1852 snrtt,
453 1788 505 1843 nisi
521 1786 628 1842 molesti
642 1785 709 1841 ostis
730 1793 757 1840 et
770 1783 825 1839 Deo
842 1798 917 1847 meo,
930 1799 984 1839 non
998 1785 1140 1842 crudentes
1191 1781 1244 1835 boc
1257 1788 1299 1837 est
1312 1782 1346 1838 de
1361 1780 1463 1853 Spiritu
1476 1791 1581 1839 sancto.
1594 1782 1688 1840 Virtus
1698 1786 1828 1841 ditissimi
1838 1787 1891 1841 crit
1900 1787 1975 1857 qnod

357 1879 435 1951 quod
454 1879 513 1949 ipse
528 1878 605 1934 vobis
617 1875 785 1947 bocsipnuur
800 1872 916 1930 daturus
930 1876 975 1939 sit,
988 1875 1061 1945 qnod
1074 1889 1138 1945 pro-
1189 1873 1336 1943 concipiet,
1352 1883 1378 1929 et
1393 1875 1521 1929 virtutem
1538 1876 1681 1941 ditissimi,
1695 1877 1747 1931 boo
1759 1887 1801 1932 est
1814 1876 1860 1931 Dei
1877 1878 1974 1933 Filium

356 1969 621 2041 ntittitll’ropterea
637 1983 765 2034 non,nun
780 1966 825 2023 Det
838 1983 888 2038 per
905 1967 987 2022 alium
1002 1965 1075 2037 quod
1091 1966 1140 2022 da·
1190 1964 1288 2032 pariet.
1302 1962 1334 2016 Et
1348 1965 1412 2035 quia
1430 1979 1484 2018 non
1508 1966 1559 2019 erit
1580 1967 1675 2020 thiutn
1701 1969 1728 2021 in
1754 1976 1898 2038 conceptu,
1921 1986 1978 2025 rron

356 2076 438 2122 turus
451 2073 510 2132 est;
530 2063 579 2119 sed
604 2060 749 2134 ipsedabit
771 2060 849 2117 vobis
867 2061 994 2131 signnm,
1009 2057 1081 2129 qnod
1097 2064 1140 2115 est
1189 2054 1242 2108 erit
1264 2054 1410 2110 difficultas
1434 2055 1461 2111 in
1483 2066 1573 2125 partu,
1595 2059 1658 2129 qrria
1688 2060 1765 2131 sirpo
1787 2061 1923 2131 concipiet
1950 2068 1978 2116 et

356 2173 388 2213 se
402 2158 513 2226 ipsutu;
528 2153 601 2225 quod
613 2152 738 2224 quamvis
756 2150 881 2216 audiatis,
900 2165 954 2204 non
970 2148 1136 2219 intelligetis,
1153 2138 1175 2192 B
1189 2145 1264 2216 virgo
1279 2146 1376 2216 pariet.
1392 2146 1470 2201 Absit
1483 2149 1556 2204 enim
1572 2166 1587 2203 a
1601 2150 1742 2206 divinitate
1754 2155 1905 2223 corruptio,
1916 2169 1978 2224 quae

356 2250 424 2321 quia
438 2245 532 2304 cecati
546 2245 614 2302 estis
632 2251 660 2300 et
674 2242 804 2309 indurati,
823 2256 857 2296 oe
876 2241 954 2295 vobin
965 2240 1072 2311 signnm
1086 2240 1139 2296 boe
1187 2246 1287 2291 cuneta
1303 2240 1404 2293 virtute
1419 2246 1551 2308 penetrat,
1566 2244 1686 2311 potentia
1700 2251 1799 2299 cuncta
1814 2245 1974 2317 perlustrat.

354 2343 450 2398 ueniat
464 2340 492 2395 iu
504 2339 632 2401 salntem,
644 2335 692 2392 sed
704 2335 750 2389 liat
768 2335 827 2404 ipse
840 2332 917 2388 robis
931 2332 1001 2404 lapis
1011 2331 1139 2389 olleusio-
1187 2327 1240 2397 put
1261 2344 1293 2385 se
1308 2329 1412 2400 absque
1426 2331 1500 2386 omni
1526 2333 1650 2402 corporis
1665 2333 1776 2390 laesione
1792 2335 1890 2407 ingerit
1904 2338 1977 2393 desi·

356 2433 402 2488 nis
418 2440 446 2488 et
460 2438 535 2502 petra
556 2428 678 2487 scandali
693 2426 719 2499 (Ι
732 2426 805 2481 Petr.
825 2428 857 2498 tt)
873 2426 900 2480 in
922 2426 1048 2497 laqueum
1065 2433 1093 2482 et
1109 2427 1138 2481 iu
1188 2421 1264 2478 derio
1289 2425 1390 2479 mentis
1406 2423 1542 2485 humanae.
1560 2441 1614 2480 non
1635 2429 1733 2496 poterit
1758 2430 1832 2483 salua
1852 2432 1977 2501 corporis

356 2525 479 2577 ruinam.
494 2519 554 2574 Non
570 2517 615 2575 liet
639 2517 711 2590 quod
727 2524 807 2572 antea
828 2516 929 2570 lactum
950 2524 1002 2583 est,
1015 2523 1062 2571 aut
1076 2523 1139 2586 post
1188 2515 1344 2587 integritate
1359 2518 1435 2571 nasci
1454 2516 1488 2571 de
1510 2516 1634 2589 Virginei
1649 2520 1700 2586 Qui
1716 2537 1773 2577 non
1787 2521 1883 2577 dividit
1898 2533 1978 2579 tertre

356 2613 425 2670 iilud
444 2613 566 2669 loturum
587 2611 653 2683 quid
675 2610 775 2673 simile,
792 2609 839 2665 sed
863 2609 935 2680 qnod
950 2625 1018 2666 usus
1034 2616 1138 2666 naturae
1186 2608 1288 2663 molem
1301 2616 1329 2662 et
1343 2615 1434 2661 tritten
1448 2608 1767 2682 intueturabyssos,non
1784 2615 1885 2685 poterit
1899 2615 1975 2670 salta

357 2706 463 2763 nesciet
476 2713 504 2762 et
518 2705 636 2760 bumana
649 2703 718 2759 ratio
732 2702 877 2774 ignorabit.
1186 2701 1283 2756 matris
1298 2700 1451 2771 integritate
1466 2703 1594 2770 prodire?
1613 2701 1702 2762 Facile
1723 2714 1766 2761 est
1792 2709 1975 2778 ontnipotenti

355 2815 439 2888 Sr‘ptta
456 2815 539 2870 tnultu
554 2816 580 2868 in
595 2812 738 2882 scripturis
752 2824 842 2868 cnrttra
851 2824 954 2867 nuturoe
965 2811 1092 2868 ordinem.
1103 2843 1137 2853 -
1186 2791 1233 2863 ‘1¹¹⁵
1249 2797 1348 2847 ⁰⁰¹¹⁰¹³
1362 2792 1463 2846 ⁰¹⁰³*st
1475 2808 1506 2847 0¹
1516 2792 1604 2849 ’ΠῘῙΙῙΙΟ
1623 2809 1722 2865 ⁰⁰¹D¹¹⁵
1732 2795 1850 2854 f⁰fm³¹⁸⁰
1864 2798 1898 2855 ‘¹0
1911 2814 1976 2855 e0l·

522 2883 643 2939 liontinir
659 2884 822 2955 quadruplex
836 2884 960 2952 [oratorio
1187 2899 1264 2956 poro
1282 2893 1310 2938 ct
1336 2900 1406 2938 novo
1422 2885 1503 2939 modo
1528 2901 1626 2940 norum
1645 2885 1781 2944 bominem
1798 2900 1895 2961 quarta
1916 2891 1977 2948 tice

391 2977 436 3034 ts.
449 2976 517 3033 Ecce
528 2978 745 3049 uirpoconcipiet,
761 2986 785 3031 et
797 2977 881 3045 periet
895 2976 980 3045 pliona
992 2973 1062 3044 (irc.
1076 2975 1136 3047 ιιι).
1187 2978 1315 3032 innotare.
1342 2976 1463 3031 Drintnm
1488 2993 1604 3049 namque
1628 2978 1755 3035 formarit
1780 2981 1917 3038 bominem
1941 2982 1976 3039 de

354 3071 426 3127 Ecce
442 3085 553 3133 novom,
569 3084 634 3124 ecce
657 3068 781 3124 mirabile
796 3068 903 3125 sacculis
924 3068 1096 3133 inusitatum,
1112 3076 1139 3123 et
1188 3069 1253 3123 limo
1282 3076 1372 3133 terra,
1387 3069 1508 3124 secundo
1529 3069 1655 3126 formarit
1677 3073 1818 3129 mulierem
1833 3075 1867 3130 de
1891 3075 1976 3132 latere

353 3161 483 3217 humanis
504 3161 616 3216 auribus
639 3159 799 3215 inauditnm.
817 3158 886 3215 Eece
912 3175 961 3230 pro
986 3175 1038 3214 ruta
1062 3167 1138 3215 costa
1187 3163 1249 3228 viri,
1261 3164 1343 3217 tertio
1358 3161 1392 3216 do
1404 3163 1594 3218 commistione
1614 3164 1698 3218 maris
1714 3173 1741 3219 et
1762 3165 1879 3231 sentinae,
1893 3183 1976 3238 qnar-

354 3268 438 3322 quarn
453 3253 515 3307 tulit
529 3250 660 3307 Dominus
675 3250 709 3305 de
728 3251 813 3305 Adam
839 3257 869 3304 nt
890 3250 1019 3306 formaret
1034 3266 1093 3305 oum
1110 3253 1137 3307 in
1188 3261 1246 3307 turn
1264 3269 1350 3323 genus
1370 3262 1412 3309 est
1433 3253 1505 3324 qnod
1520 3255 1592 3324 sirpo
1603 3256 1728 3325 concipiet
1743 3265 1767 3308 et
1779 3257 1864 3325 periet
1877 3258 1974 3326 filiunt.

353 3341 508 3408 mulierem,
520 3342 649 3398 reddetur
662 3356 710 3412 pro
730 3357 793 3396 osse
812 3341 862 3405 vir,
875 3357 924 3412 pro
939 3356 1016 3397 costa
1037 3355 1138 3411 eorpus
1189 3339 1269 3396 Prius
1282 3340 1335 3395 luit
1349 3343 1447 3397 mulier
1459 3343 1519 3397 sine
1529 3344 1642 3398 muliere
1655 3343 1767 3399 formata
1779 3346 1813 3401 de
1824 3350 1893 3416 rito,
1903 3364 1976 3405 nnnc

352 3435 504 3506 integrum
518 3443 545 3489 et
560 3448 627 3505 ‚quae
648 3432 736 3488 tirum
758 3433 873 3503 decepit,
896 3433 946 3488 viri
965 3433 1136 3503 deceptorem
1189 3433 1231 3486 tir
1241 3433 1300 3489 sine
1310 3434 1369 3490 viro
1380 3436 1414 3489 de
1427 3435 1541 3489 muliere
1555 3435 1725 3501 immobilior,
1741 3439 1804 3508 quia
1824 3437 1902 3510 Virpo
1913 3458 1976 3495 con·

353 3527 483 3598 decipiet,
499 3524 638 3580 reddendo
649 3525 736 3579 cirum
752 3540 801 3595 pro
813 3525 881 3586 viro,
891 3539 940 3595 pro
956 3525 1061 3595 perdito
1077 3523 1138 3577 Sal·
1192 3527 1268 3595 cipiet
1285 3535 1309 3580 et
1326 3526 1411 3595 pariet
1426 3526 1521 3596 plium.
1542 3525 1611 3582 Vere
1624 3527 1658 3582 de
1673 3526 1776 3598 Spiritu
1793 3541 1889 3586 sancto
1908 3548 1974 3589 cuna

352 3625 489 3682 valorem,
503 3632 645 3688 proserta
663 3617 819 3680 Dominum,
833 3632 884 3687 pro
908 3624 1033 3672 ereatura
1054 3615 1138 3671 Creu·
1188 3626 1284 3689 ceptus
1297 3620 1350 3674 erit
1375 3619 1403 3673 in
1426 3627 1504 3674 utero
1529 3620 1646 3690 quadarn
1678 3620 1808 3677 ineffabili
1825 3625 1975 3682 mutatione

354 3719 441 3765 torem
455 3710 591 3766 restituet.
609 3707 877 3780 Elbocquornodoi
899 3709 975 3779 virgo
990 3707 1136 3778 eorteipiet,
1188 3716 1304 3773 naturae,
1334 3708 1498 3779 habebitque
1526 3708 1667 3765 crescendi
1694 3711 1859 3781 primordia,
1887 3716 1974 3773 donee

353 3800 544 3867 nondecim,
560 3801 624 3873 qnia
640 3801 663 3857 si
677 3801 765 3856 tirum
786 3802 953 3873 cognoverit,
967 3817 1021 3858 non
1036 3801 1137 3872 poterit
1188 3800 1308 3872 periecte
1321 3815 1408 3856 nonus
1424 3800 1503 3856 bomo
1516 3800 1649 3856 inroretur
1666 3803 1693 3856 in
1709 3811 1797 3869 utero,
1815 3813 1845 3859 ut
1864 3808 1911 3877 qui
1926 3806 1972 3862 Dei

353 3894 431 3965 sirpo
445 3893 606 3964 conciperc;
622 3893 669 3948 sed
684 3892 743 3964 ipse
766 3890 897 3948 Dominus
922 3892 998 3947 dabit
1024 3892 1076 3947 hoc
1099 3893 1137 3948 si·
1189 3892 1276 3948 Filius
1287 3901 1329 3948 est
1344 3894 1378 3948 ab
1390 3901 1502 3956 aeterno,
1519 3892 1638 3965 Virginis
1651 3895 1722 3950 lilius
1734 3897 1781 3950 stat
1791 3912 1825 3952 ex
1839 3904 1972 3967 tempore,

352 3999 449 4054 gnum,
465 3991 494 4038 nt
517 3985 593 4053 virgo
616 3983 761 4054 concipiat.
785 3982 856 4054 Ergo
878 3982 950 4054 qnod
975 3989 1072 4038 natura
1095 3992 1138 4039 est
1190 4001 1271 4055 qoem
1289 3985 1347 4054 ipsa
1366 3985 1591 4056 Virpucuneipiet,
1607 3995 1632 4039 et
1646 3987 1750 4057 absque
1764 3988 1838 4043 omni
1862 3988 1973 4046 laesione

353 4074 522 4146 impossibile
535 4075 656 4145 implebit
671 4075 790 4144 potentia
809 4073 934 4131 Deitatis.
949 4073 988 4130 Ne
1002 4075 1136 4131 miremini
1187 4074 1352 4146 integritatis
1365 4075 1450 4144 filiurn
1469 4076 1562 4144 periet.
1587 4074 1703 4147 Dignum
1728 4091 1845 4148 namque
1869 4085 1921 4147 est,
1943 4090 1973 4136 nt

353 4166 378 4221 si
391 4168 469 4236 uirgo
482 4165 628 4235 concipiat,
640 4165 724 4220 ntulta
735 4165 808 4220 enim
822 4166 900 4237 signa
914 4173 1009 4220 contra
1027 4180 1135 4220 ornnem
1186 4164 1259 4233 qnod
1273 4163 1393 4234 potentin
1405 4162 1452 4219 Dei
1468 4166 1571 4233 absque
1581 4167 1654 4219 urrini
1668 4176 1777 4236 peccato
1791 4167 1903 4236 incepit,
1913 4170 1973 4225 sine

353 4272 447 4319 usum,
460 4265 556 4312 contra
569 4266 672 4313 natm-n
691 4257 814 4314 ordinem
830 4259 960 4314 haetenus
976 4257 1045 4313 laeta
1060 4265 1135 4315 sont.
1186 4254 1259 4309 omni
1271 4253 1448 4323 corruptione
1462 4253 1595 4321 perlicint.
1615 4252 1667 4307 boc
1681 4258 1766 4307 estut
1780 4261 1893 4308 matrem
1906 4269 1973 4309 con·

353 4345 492 4402 Robusto
518 4347 579 4417 igne
606 4364 659 4402 non
685 4350 768 4414 aruit,
783 4349 859 4420 virga
874 4347 965 4402 Aaron
992 4347 1084 4402 liorem
1108 4356 1137 4402 et
1186 4357 1276 4403 servet
1294 4346 1425 4400 illibatam
1447 4345 1586 4399 incarnata
1601 4344 1746 4407 Divinitas,
1761 4346 1969 4418 etilliusvirpi·

352 4438 472 4494 imctnm
485 4438 606 4510 protulit,
617 4439 703 4494 tellus
715 4439 742 4493 in
757 4452 819 4493 area
831 4439 945 4501 maduit,
960 4445 987 4494 et
1000 4437 1136 4493 miramini
1186 4438 1279 4493 nitatis
1293 4438 1424 4492 bonorem
1438 4437 1583 4506 antplilicet
1603 4436 1714 4492 deitatis
1729 4437 1878 4494 incarnatae
1900 4453 1970 4494 nota

351 4531 376 4588 si
387 4532 465 4602 sirpo
479 4529 623 4600 concepit?
633 4528 734 4585 Natura
749 4546 803 4585 non
819 4538 907 4600 potest
922 4537 1017 4585 contra
1032 4536 1137 4584 natutae
1186 4530 1326 4584 nativitas.

351 4621 467 4684 donum,
486 4635 536 4676 nee
548 4635 615 4676 usus
628 4629 723 4676 contra
738 4620 821 4677 Deum
836 4621 883 4692 qni
896 4620 1068 4690 omnipotens
1080 4628 1134 4687 est,
1253 4621 1433 4676 Eturtrunnelir
1450 4636 1541 4674 nentes
1560 4619 1627 4674 dnus
1645 4622 1762 4676 insinuet
1781 4633 1902 4681 naturas.

349 4721 379 4770 et
390 4713 461 4769 nihii
474 4713 535 4782 eius
553 4713 684 4769 voluntati
700 4713 816 4769 difficile.
839 4712 939 4769 l‘otcrit
955 4729 1020 4783 ergo
1039 4729 1138 4768 terum
1222 4714 1407 4782 76.Concipiet
1422 4728 1486 4783 ergo
1497 4723 1522 4766 et
1532 4712 1756 4782 parturitiones
1770 4716 1904 4770 vocabitur
1914 4733 1969 4771 utto

349 4815 423 4865 0⁸⁸0·
438 4798 512 4872 ‘ruod
532 4799 590 4871 lpse
605 4801 748 4870 disposuit,
760 4802 966 4873 videlicetqood
980 4803 1055 4873 virgo
1067 4816 1134 4857 cott-
1150 4810 1172 4865 D
1185 4808 1306 4870 nomine,
1322 4805 1395 4877 quod
1414 4805 1483 4861 duas
1498 4806 1525 4860 in
1546 4807 1606 4875 ipso
1620 4815 1741 4870 naturas,
1761 4806 1880 4860 divinam
1894 4809 1969 4862 sciit·

348 4888 896 4963 ciphi-SedfflmldnfflmSinicoeillol'
913 4900 1090 4955 θῑῡῐθιῑιιιθ,
1106 4898 1134 4947 ei
1183 4905 1267 4955 eetel
1295 4898 1450 4960 humanam,
1466 4897 1594 4951 insinuet.
1615 4896 1758 4950 Vocabitur
1775 4898 1843 4951 enim
1858 4896 1968 4952 Euentu·

347 4982 429 5053 sirpo
447 4995 502 5036 non
516 4982 603 5052 possit
617 4983 652 5038 de
662 4983 721 5037 tiro
739 4985 895 5055 concipere,
911 4993 940 5038 ut
956 4985 984 5039 in
998 4993 1133 5054 conceptu
1184 4989 1254 5051 nuel,
1270 4986 1391 5058 prodest
1406 4986 1540 5040 nobiscum
1552 4986 1622 5040 Deus
1637 4985 1706 5056 (ira.
1723 4987 1782 5058 ιιι).
1797 4985 1855 5043 lioc
1867 4991 1968 5060 qnippe

346 5074 428 5146 sirpo
438 5080 606 5146 permaneat,
618 5088 669 5129 nec
690 5074 770 5130 bomo
786 5076 871 5145 possit
889 5075 924 5130 ab
940 5074 994 5130 alia
1007 5087 1132 5131 creatura
1184 5088 1262 5134 sunm
1273 5078 1324 5133 lroc
1338 5091 1446 5138 nomen,
1458 5076 1530 5145 qrtod
1547 5077 1617 5131 llens
1630 5078 1701 5131 inter
1712 5076 1836 5133 homines
1846 5088 1887 5134 cst
1898 5094 1967 5134 con·

346 5165 459 5237 concipi
471 5165 527 5223 aisi
539 5165 575 5223 ab
594 5165 713 5231 bomine,
726 5174 811 5223 restat
826 5176 855 5222 ut
866 5167 889 5222 si
906 5167 982 5239 virgo
997 5170 1132 5240 concepit,
1183 5180 1278 5243 ceptus
1293 5180 1321 5225 et
1336 5179 1416 5226 natus
1436 5184 1467 5224 er
1483 5169 1597 5239 virgine.
1613 5169 1718 5223 Dicitur
1739 5183 1858 5238 namque
1878 5171 1967 5224 nolis-

345 5272 406 5314 ttart
419 5257 455 5315 de
467 5265 604 5325 ereatura,
614 5258 663 5315 sed
675 5258 709 5314 de
720 5258 1011 5331 Creatore'conciplat,
1022 5267 1050 5316 et
1069 5275 1131 5316 eum
1183 5277 1242 5314 curri
1255 5261 1336 5324 Dens,
1350 5259 1414 5329 qnia
1434 5257 1577 5313 invisibilis
1589 5258 1617 5312 in
1633 5273 1682 5312 sua
1698 5265 1797 5312 natura
1815 5257 1851 5313 ab
1865 5266 1966 5314 {eterno

345 5350 599 5423 onmsmnceptes
612 5366 646 5408 et
659 5353 751 5408 caruis
763 5352 900 5423 voluptate
922 5353 1071 5421 proveniat,
1089 5361 1131 5406 at·
1183 5353 1320 5407 innostra
1344 5349 1458 5404 visibilis
1481 5351 1553 5403 vertit
1577 5363 1610 5403 ex
1624 5355 1756 5419 ternpore,
1773 5363 1826 5404 una
1850 5364 1966 5421 persona

346 5451 469 5502 testante
480 5441 626 5515 Propheta,
640 5444 686 5515 qni
708 5444 769 5500 ait:
786 5442 818 5499 ln
831 5445 942 5514 peccetis
962 5446 1077 5514 concepit
1092 5460 1132 5500 ttre
1182 5443 1254 5500 Dens
1267 5451 1295 5500 et
1316 5443 1397 5498 bomo
1417 5456 1450 5496 ex
1466 5441 1572 5496 duabus
1586 5451 1727 5511 compacta
1751 5443 1870 5508 naturis,
1885 5442 1965 5498 borno

346 5543 435 5589 nater
448 5551 505 5588 men
518 5532 605 5604 (Ptol.
619 5533 656 5607 ι).
673 5533 757 5590 Nemo
770 5533 923 5605 concipitur
935 5533 995 5591 sine
1007 5543 1129 5606 peccato,
1181 5547 1244 5588 cnrn
1267 5530 1434 5607 bontinibns,
1459 5539 1488 5585 nt
1505 5545 1567 5587 vere
1588 5529 1625 5586 sit
1650 5531 1701 5585 boe
1723 5530 1796 5602 quod
1821 5532 1965 5587 vocabitur

346 5625 397 5682 sed
421 5626 481 5696 ipse
500 5624 632 5682 Dominus
657 5627 708 5682 bac
732 5627 838 5697 signum
852 5627 967 5682 daturus
988 5635 1042 5693 est,
1059 5626 1131 5697 quod
1181 5625 1350 5681 Emmanuel.
1366 5611 1515 5679 Vocabitur
1529 5622 1638 5694 quidem
1653 5623 1714 5678 aliis
1732 5623 1890 5678 nominibus
1904 5638 1965 5695 qua

346 5713 433 5787 Virpo
445 5716 592 5787 concipiat.
614 5714 685 5787 Ergo
701 5723 849 5786 conceptus
864 5717 917 5772 iste
940 5717 999 5772 sine
1019 5724 1130 5786 peccato
1180 5725 1344 5788 sequuntur,
1366 5715 1492 5770 Velociter
1514 5714 1600 5784 spolie
1623 5712 1740 5778 detrabe,
1763 5717 1815 5769 cito
1832 5716 1962 5785 predere,

344 5807 411 5863 erit.
439 5804 581 5877 Concipiet
606 5806 697 5878 itaque
722 5822 784 5862 cum
806 5807 958 5878 integritate
976 5808 1128 5880 uirginitas,
1180 5820 1262 5866 uatus
1275 5818 1302 5865 et
1317 5808 1404 5874 adbuc
1416 5807 1544 5878 parvulus
1558 5806 1619 5864 aliis
1634 5822 1681 5863 ser
1702 5807 1858 5863 nominibus
1871 5808 1963 5864 Admi-

344 5913 402 5955 non
420 5896 1128 5970 decarne,seddeSpiritu;ncccarnisardorem,
1181 5901 1292 5965 culitis,
1319 5898 1514 5962 consiliarius,
1544 5897 1614 5953 Dens
1643 5899 1736 5966 ferris,
1767 5897 1848 5951 Peter
1877 5898 1963 5963 futuri

343 5989 393 6046 sed
407 5988 532 6045 divinum
554 5989 659 6056 liorem,
676 6006 757 6062 super
780 6006 859 6062 quern
884 5993 1036 6063 requiescet
1058 5994 1128 6048 idem
1181 5994 1282 6057 auruli,
1304 5993 1425 6060 Pritrreps
1442 5992 1514 6062 pecie
1530 5989 1600 6054 (isa.
1613 5991 1664 6050 ul.
1683 5990 1783 6051 onibus
1795 5990 1962 6060 senrpiterna

343 6083 467 6166 Spiritus
481 6082 659 6148 semitornis,
674 6082 815 6141 Corrclniet
831 6083 865 6142 de
879 6085 978 6153 rirlntc
989 6085 1129 6158 uirginitas
1180 6087 1342 6157 virtusejus
1368 6091 1395 6141 et
1419 6082 1549 6139 divinitas
1571 6081 1771 6153 praedicabitur.
1794 6079 1893 6136 Verum
1910 6082 1961 6138 boc
