5125 7059
933 739 1098 800 HISTORIA
1116 741 1359 800 ttslcehsttht
1697 771 1700 777 ·
1901 743 1954 801 698

443 851 505 910 ides
517 859 545 908 et
558 855 697 923 custodes,
712 855 920 914 commendabat
935 859 1029 916 eorniu
1043 857 1120 912 lion-
1133 861 1158 917 Α
1170 854 1257 910 currit
1279 867 1367 925 usque
1384 851 1418 908 ad
1432 853 1523 910 crocis
1540 854 1691 925 patibulum
1720 864 1747 912 et
1762 857 1795 911 ad
1810 864 1927 911 mortem
1943 871 1952 921 ς

443 963 454 1004 s
470 946 700 1010 custodiendam,
724 950 810 1005 donec
825 947 852 1004 in
866 949 986 1007 concilio
998 949 1119 1021 generali
1170 963 1232 1005 cum
1252 956 1279 1003 te
1302 956 1390 1005 toturn
1416 948 1558 1005 devoveris
1571 949 1598 1005 ln
1614 949 1717 1007 Christi
1736 951 1877 1021 obsequio,
1898 964 1953 1004 nou

443 1055 455 1092 ιι
467 1035 579 1094 Kalend.
593 1038 725 1095 Novemb.
739 1042 812 1097 iilius
825 1044 889 1096 antri
906 1041 1001 1098 Romae
1015 1057 1120 1099 conro-
1169 1040 1280 1096 delicias
1294 1039 1433 1111 fatigatus,
1449 1056 1500 1097 nec
1509 1055 1620 1098 recuses
1635 1057 1723 1114 usque
1743 1042 1777 1097 ad
1801 1043 1880 1096 tinem
1905 1042 1954 1097 bo-

443 1139 458 1188 t.
473 1128 507 1183 de
520 1130 600 1186 terris
614 1133 751 1201 praedictis
765 1135 873 1205 plenius
891 1136 1051 1191 orilinaret:
1069 1135 1120 1189 hoc
1169 1146 1232 1186 nam
1249 1145 1300 1202 pro
1313 1130 1425 1187 Christo
1453 1133 1578 1189 militiam
1602 1149 1740 1200 exercere,
1759 1149 1810 1189 nec
1831 1147 1953 1203 uuquam

453 1216 608 1276 bodonicus
623 1231 650 1277 ct
670 1237 763 1280 coines
778 1234 871 1279 noster
898 1225 1121 1297 siguihcareruut
1170 1222 1196 1277 in
1209 1239 1258 1279 cor
1276 1231 1352 1278 tuum
1364 1223 1504 1290 ascendat,
1518 1233 1612 1279 uttam
1625 1225 1752 1291 dulcibus
1764 1224 1886 1294 paternis
1903 1223 1955 1278 ob·

443 1309 470 1365 le
494 1310 611 1366 adventu
636 1314 804 1370 nuruiororn.
822 1314 938 1386 Legatos
951 1326 1041 1373 aurem
1055 1326 1120 1374 turre
1169 1314 1227 1370 ries
1241 1315 1354 1370 monitis
1366 1322 1393 1370 et
1406 1315 1551 1380 mandatis,
1568 1316 1616 1371 sed
1643 1316 1734 1383 potius
1750 1325 1806 1371 toto
1819 1314 1956 1372 desiderio

443 1417 494 1474 ope
507 1400 536 1458 S.
564 1402 702 1476 AEgidinut
721 1423 783 1462 cunr
799 1408 924 1478 pluribus
938 1410 1075 1483 episcopis
1091 1411 1119 1465 in
1169 1407 1315 1471 etalleetu,
1327 1407 1452 1476 amplecti
1468 1407 1578 1462 studeas
1599 1423 1660 1477 quse
1684 1409 1857 1473 mandamus,
1871 1416 1902 1463 ut
1925 1407 1955 1464 itt

443 1491 625 1549 ihrelatcnsi.
1169 1508 1329 1572 perpetuum
1353 1498 1455 1554 Christi
1480 1499 1651 1568 amplexibus
1665 1498 1794 1563 fovearis,
1816 1500 1901 1568 quite
1920 1498 1955 1554 ad

454 1584 606 1640 litterarum
621 1586 724 1643 domini
734 1606 810 1659 pope
824 1592 858 1644 nd
870 1592 991 1646 comitem
1005 1591 1120 1648 Neritis-
1168 1590 1312 1658 amplexus
1334 1588 1463 1650 inuitans,
1489 1586 1612 1642 extendit
1624 1602 1674 1656 pro
1698 1587 1849 1642 tebrachia
1879 1586 1956 1641 inde-

621 1677 698 1746 [ortir
713 1679 769 1733 hec
785 1691 823 1733 ert
845 1695 855 1734 .·
1169 1682 1241 1738 sessa
1257 1698 1265 1746 ;
1283 1683 1395 1752 prouida
1414 1684 1497 1736 etiam
1524 1665 1721 1735 deliberatione
1747 1681 1891 1751 diligenter
1911 1689 1954 1735 at·

443 1778 548 1821 mains
559 1766 714 1838 episcopus,
740 1786 990 1828 serrusscrvorum
1004 1773 1063 1842 Dei,
1078 1774 1119 1830 di·
1169 1775 1276 1842 tendas,
1296 1789 1330 1829 nc
1345 1774 1373 1827 in
1397 1788 1513 1829 vacuum
1529 1771 1694 1838 cucurreris,
1711 1772 1854 1827 autetiam
1880 1771 1956 1826 laho-

443 1858 475 1914 iio
484 1873 534 1915 suo
550 1862 634 1916 nobili
646 1863 704 1918 uiro
716 1862 744 1918 S.
759 1865 851 1918 couniti
862 1863 1054 1935 liontislortis,
1074 1884 1120 1924 sa·
1168 1867 1282 1931 raseris,
1298 1864 1321 1922 si
1333 1878 1383 1935 per
1396 1873 1471 1918 tuam
1484 1862 1689 1933 negligentiam,
1704 1862 1872 1919 locustarum
1885 1862 1956 1917 mui-

443 1952 652 2022 etapostuiicana
665 1954 890 2013 benedictionem.
1169 1958 1267 2020 titudo,
1284 1971 1345 2027 quae
1359 1956 1394 2011 de
1418 1955 1510 2027 abyssi
1534 1966 1615 2026 puteo
1629 1965 1693 2013 suut
1705 1971 1831 2028 egressae,
1846 1956 1891 2011 sed
1909 1969 1957 2024 per

443 2042 546 2099 litatem
573 2054 648 2100 tuam
673 2046 763 2118 dignis
787 2050 814 2103 in
843 2048 961 2105 honrino
991 2050 1120 2111 laudibus
1169 2056 1245 2104 tuum
1269 2047 1465 2112 ministerium,
1490 2047 1524 2103 de
1555 2057 1625 2103 terra
1649 2063 1731 2118 quarn
1758 2054 1958 2116 occupaverant

444 2133 570 2200 radamus,
585 2138 648 2206 quio
662 2153 728 2207 pura
739 2140 893 2205 dilectione,
910 2150 1000 2198 mente
1013 2145 1119 2200 sincera
1169 2140 1271 2210 ejectae,
1301 2139 1399 2210 ipsam,
1413 2139 1485 2210 quod
1499 2139 1590 2194 ahsit!
1608 2139 1706 2194 iterum
1722 2139 1914 2209 occupaverint
1928 2139 1955 2191 iu

443 2228 488 2280 bus
518 2225 662 2283 indefessis
685 2239 813 2300 tauquam
834 2247 915 2287 verus
936 2242 964 2288 et
990 2243 1119 2292 strenuus
1136 2207 1360 2287 Bexterminium
1375 2230 1461 2301 plebis
1477 2229 1535 2286 [lei.

443 2315 542 2382 ilrristi,
560 2329 587 2372 et
598 2319 715 2376 inrictus
726 2324 867 2378 catholice
885 2324 946 2379 lidei
961 2340 1119 2398 propugna-
1205 2322 1361 2378 Nosautem
1376 2322 1439 2391 quia
1455 2337 1504 2391 pro
1520 2329 1595 2376 certo
1606 2335 1759 2391 speramus,
1773 2320 1846 2390 quod
1859 2319 1893 2375 de
1910 2329 1956 2374 tua

443 2409 495 2466 elia
520 2409 630 2467 Doutini
647 2413 821 2473 laudabiliter
839 2419 984 2488 praeliatis,
1000 2423 1074 2478 unde
1090 2424 1118 2478 in
1170 2417 1258 2474 salute
1272 2416 1417 2478 sollicitus,
1431 2430 1569 2482 nunquant
1581 2414 1682 2468 deheas
1696 2412 1833 2468 mandatis
1845 2423 1956 2481 aposto*

473 2501 531 2557 iere
549 2514 659 2565 traam,
674 2515 727 2561 tuae
751 2507 813 2564 lidci
831 2518 860 2565 ct
879 2510 941 2567 llilei
957 2527 1042 2571 sottus
1061 2515 1120 2570 eti·
1170 2511 1230 2567 licis
1243 2510 1364 2572 obviare,
1382 2508 1541 2573 baronibus,
1556 2506 1716 2563 consulibus
1735 2515 1763 2560 et
1781 2506 1843 2561 aliis
1854 2505 1958 2561 Christi

443 2599 512 2662 tpter
532 2595 605 2663 quod
617 2610 700 2666 super
711 2607 793 2668 caput
815 2607 893 2655 tuum
922 2603 1014 2658 intritae
1035 2603 1119 2659 bene·
1169 2603 1294 2659 ddeiibus
1306 2604 1332 2656 in
1353 2599 1434 2656 terris
1449 2599 1586 2667 predictis
1602 2597 1771 2662 constitutis,
1788 2596 1914 2653 dedimus
1928 2597 1958 2654 itt

443 2683 667 2755 esellunduntur,
682 2689 715 2744 ad
732 2692 847 2763 gratiam
869 2693 918 2748 tihi
944 2694 1061 2766 amplius
1074 2712 1117 2753 ac·
1170 2693 1317 2757 inundatis,
1341 2690 1369 2745 iu
1388 2692 1490 2744 virtute
1521 2688 1640 2759 Spiritus
1661 2687 1749 2743 sancti
1770 2689 1957 2758 precipientes

443 2774 508 2842 lam,
530 2785 557 2830 et
575 2779 659 2833 totius
681 2778 809 2837 Ecclesiae
834 2784 998 2853 praecamina
1018 2800 1119 2857 conge·
1169 2786 1303 2848 districtc,
1325 2792 1462 2854 quatenus
1485 2779 1607 2853 plenarie
1635 2779 1806 2834 intendentes
1829 2779 1957 2834 mandata

458 2876 487 2923 et
500 2869 687 2940 multiplicatis
699 2873 939 2943 intercessoribus,
953 2893 1056 2933 corona
1071 2879 1119 2933 tihi
1169 2889 1216 2936 tua
1228 2893 1311 2950 super
1326 2876 1434 2948 negotio
1447 2876 1523 2946 pacis
1538 2882 1566 2929 et
1590 2872 1663 2941 hdei,
1678 2882 1705 2928 et
1717 2872 1779 2929 aliis
1792 2889 1853 2942 quae
1874 2889 1957 2944 supe-

443 2973 632 3030 oonserratur,
645 2965 782 3023 reddenda
803 2969 850 3024 tibi
866 2970 969 3040 ajusto
984 2971 1077 3041 judice
1090 2974 1117 3028 in
1170 2974 1229 3028 rius
1243 2979 1307 3028 sunit
1317 2985 1459 3040 expressa,
1483 2968 1675 3025 inuiolabiliter
1688 2968 1836 3023 ohservare
1853 2982 1955 3038 procu·

443 3069 469 3122 n,
484 3065 565 3126 quam
578 3067 690 3128 propter
704 3068 750 3115 tua
770 3062 867 3117 merita
891 3079 1034 3133 speramus
1058 3080 1119 3121 esse
1170 3077 1241 3133 rent,
1266 3076 1362 3124 contra
1376 3066 1582 3136 impugnatores
1595 3064 1739 3121 catholicae
1758 3064 1829 3129 thlei,
1841 3073 1868 3116 et
1882 3062 1958 3133 pacis

444 3148 559 3218 positam
587 3165 661 3204 nunc
684 3151 712 3206 in
730 3153 818 3209 coelis.
832 3153 893 3221 Eia,
906 3156 986 3212 miles
1004 3156 1118 3224 Christi,
1170 3158 1380 3224 disturbatores,
1394 3156 1538 3226 ntaguitice
1558 3170 1590 3209 ac
1602 3164 1726 3224 potenter
1738 3153 1787 3209 tihi
1811 3152 1957 3208 consitium

443 3240 519 3296 trium
539 3251 616 3297 tuurn
637 3243 730 3314 imple,
746 3260 860 3303 correns
875 3263 923 3319 per
947 3250 1118 3321 propositum
1170 3249 1345 3308 ctausilittm
1373 3248 1572 3320 impendentes,
1588 3246 1625 3300 ita
1655 3246 1729 3316 qrtod
1744 3258 1840 3299 eorum
1855 3258 1956 3313 coope-

443 3331 526 3396 ditun,
541 3333 765 3390 donecbrarium
781 3340 1007 3409 comprehendas,
1024 3357 1074 3398 nec
1089 3342 1117 3397 in
1170 3353 1247 3400 rante
1258 3341 1391 3408 subsidio,
1415 3339 1554 3411 negotium
1581 3339 1655 3409 pacis
1677 3347 1706 3393 et
1725 3337 1786 3393 hdei
1810 3336 1958 3393 salubriter

443 3424 556 3482 ionibus
572 3442 691 3497 unquam
707 3429 829 3497 delicias,
844 3431 933 3488 sciens
947 3432 1119 3489 collaterali·
1169 3434 1328 3508 exsequaris
1345 3432 1438 3502 :quod
1455 3446 1565 3502 quoque
1578 3429 1667 3501 legato
1685 3427 1867 3500 precipiendo
1880 3442 1959 3483 inan·

461 3518 590 3574 assistere
610 3519 696 3575 Deum
718 3520 850 3590 Sabaoth,
866 3521 1012 3580 Dominum
1026 3526 1154 3616 videlic
1169 3529 1278 3593 datarus,
1296 3534 1327 3582 ut
1341 3540 1424 3594 super
1449 3523 1492 3579 his
1509 3531 1611 3578 statuat
1631 3531 1658 3576 ct
1671 3521 1809 3591 disponat,
1824 3518 1957 3591 quidquid

444 3610 573 3678 rcituunr,
588 3627 621 3667 ac
641 3613 790 3684 principem
816 3615 921 3672 militiae
944 3616 1118 3686 Christianae,
1170 3620 1223 3691 ipsi
1238 3621 1348 3691 negotio
1363 3618 1463 3673 viderit
1475 3616 1612 3686 expedire,
1629 3613 1789 3685 impendens
1805 3613 1854 3667 tihi
1866 3611 1957 3668 carisi·

443 3703 463 3756 is
477 3702 588 3758 bellicos
597 3705 712 3762 sudores
724 3707 887 3777 abstergere,
900 3718 1045 3781 antequam
1060 3711 1120 3780 pal·
1170 3713 1236 3769 lium
1253 3719 1281 3767 et
1302 3710 1435 3766 auxilium
1464 3716 1659 3778 opportunum,
1684 3714 1711 3762 et
1725 3705 1796 3776 quod
1818 3704 1957 3767 statueris,

443 3793 542 3848 ictoriae
556 3798 745 3865 consequaris,
762 3799 886 3868 quinimo
901 3816 965 3856 cum
987 3801 1056 3857 bene
1075 3803 1118 3858 in·
1169 3803 1252 3859 iaciat
1265 3801 1379 3857 llrmiter
1391 3801 1530 3856 observari
1544 3818 1551 3866 ;
1566 3798 1783 3855 contradictores
1796 3797 1878 3866 siqui
1895 3794 1957 3850 lue·

443 3884 479 3940 ris
497 3884 598 3941 honum
615 3889 788 3959 principium,
805 3906 837 3944 ac
856 3893 944 3947 media
968 3910 1029 3964 qun
1041 3904 1119 3965 post·
1168 3896 1224 3952 rint
1236 3895 1279 3950 tei
1302 3894 1427 3960 rebelles,
1441 3892 1550 3948 sublato
1567 3889 1714 3961 cujuslibet
1728 3888 1895 3943 conditionis
1914 3887 1957 3941 uel

443 3992 448 4029 ι
463 3975 636 4035 laudabiliter
648 3983 779 4052 prosequi
795 3984 940 4053 curavisti,
954 4001 1002 4056 per
1024 3987 1119 4059 longa·
1169 3987 1361 4060 appellationis
1374 3985 1528 4052 obstaculo,
1542 3983 1575 4039 ad
1589 3984 1616 4039 id
1628 3983 1699 4054 quod
1712 3982 1809 4038 viderit
1819 3979 1957 4052 expedire,

443 4080 535 4126 emet
559 4075 863 4147 perseverantiamque
886 4088 1011 4145 coronat,
1024 4080 1119 4136 lauda·
1167 4075 1338 4132 districtione
1349 4074 1524 4145 compellens.

443 4163 1117 4241 ‹ptatohnestudeasconsuiumare,sciensjurta
1216 4168 1314 4225 hatum
1343 4167 1470 4224 Laterani
1499 4182 1526 4222 ιι
1554 4163 1625 4221 Non.
1653 4164 1741 4236 Apu,
1770 4162 1867 4235 pontii.
1885 4179 1958 4220 anno

443 4270 449 4308 ι
472 4251 594 4325 Apostoli
607 4256 651 4326 (ll
668 4257 737 4315 Tim.
750 4261 793 4328 u),
817 4263 952 4318 nemiuent
967 4278 1030 4319 esse
1043 4281 1120 4321 coro
1168 4278 1246 4319 avrti.

443 4360 469 4410 a,
493 4346 546 4401 nisi
571 4347 691 4419 legitime
719 4350 910 4408 decertantem.
939 4353 1007 4409 Corn
1035 4356 1118 4427 igitar
1204 4353 1385 4425 Progrediens
1412 4347 1569 4405 Ludovicus
1592 4361 1607 4402 a
1631 4347 1694 4403 villa
1710 4345 1740 4403 S.
1756 4346 1959 4420 AEgidii,renit

443 4446 537 4493 terram
555 4456 637 4509 quarn
655 4457 746 4499 comcs
764 4445 851 4498 tenuit
875 4443 1039 4513 dolosanus,
1054 4464 1118 4505 cunt
1169 4447 1203 4503 ad
1226 4442 1542 4514 bloutempessulanum,
1565 4447 1593 4494 et
1616 4439 1678 4495 inde
1705 4438 1842 4507 biterrim,
1863 4438 1958 4495 civitas

445 4527 499 4582 rris
523 4544 538 4582 a
553 4534 749 4603 crucesignatis
764 4534 893 4602 obtentis,
905 4551 967 4606 quoe
987 4552 1003 4591 a
1018 4538 1118 4594 dilecto
1169 4548 1259 4596 autem
1278 4535 1391 4591 biterris
1409 4535 1492 4590 distat
1506 4541 1625 4604 quatuor
1648 4541 1756 4587 tauhun
1769 4531 1879 4586 leucisa
1892 4528 1959 4584 Nar-

443 4627 507 4675 istro
518 4619 599 4677 Petro
614 4622 643 4678 S.
660 4624 751 4679 llari-e
765 4625 792 4680 iu
812 4626 913 4696 Aquito
926 4625 1050 4697 (diacon.
1069 4629 1120 4684 ba·
1169 4632 1241 4687 bona
1252 4646 1260 4696 ;
1272 4628 1347 4684 cites
1363 4636 1452 4681 auteur
1477 4624 1670 4680 Narbonenses
1698 4621 1796 4678 timore
1807 4621 1892 4687 ducti,
1906 4620 1959 4677 mi·

443 4715 522 4784 piro)
536 4714 651 4771 diacono
675 4716 750 4773 card.
766 4729 853 4788 apost.
871 4719 943 4774 sedis
966 4721 1055 4790 legato
1080 4731 1120 4777 te-
1169 4731 1267 4779 scrunt
1280 4719 1315 4776 ad
1331 4717 1514 4783 ludovicum,
1530 4715 1719 4789 signilleantes
1730 4715 1767 4780 ei,
1782 4713 1856 4784 quod
1871 4712 1958 4783 parati

459 4820 507 4876 W
529 4806 639 4862 01'55‘108
657 4809 699 4863 Vt!
711 4811 849 4874 ⁰⁰⁵¹⁰¹¹082
866 4812 996 4880 usquead
1011 4820 1119 4883 tempus
1169 4823 1247 4870 erant
1260 4811 1294 4868 ad
1324 4810 1476 4867 iacierrdarn
1492 4809 1553 4879 ejus
1580 4809 1608 4863 in
1628 4806 1757 4861 outnibus
1778 4806 1957 4859 voluntatem.

443 4897 614 4968 igeneralis,
629 4901 655 4953 in
671 4901 769 4970 quode
781 4902 847 4971 ipsis
862 4903 979 4958 consilio
995 4904 1225 4976 prelato-pNec
1248 4904 1385 4960 silendum
1416 4902 1489 4971 quod
1518 4901 1742 4970 archiepiscopus
1771 4896 1958 4952 Narbonensis

445 4988 534 5045 lenius
559 4992 696 5060 possirnus
728 4993 872 5048 salirhriter
898 4995 1033 5058 ordinare,
1055 5011 1121 5065 pru·
1171 4995 1319 5059 arnaldus,
1333 5002 1466 5065 quantum
1481 5001 1585 5063 poterat
1605 4991 1747 5046 laborabat
1760 4990 1794 5044 ad
1810 4988 1872 5055 hoc,
1885 4987 1958 5058 quod

459 5092 512 5138 tuae
525 5085 654 5141 duxinrus
667 5087 887 5152 committendas,
900 5096 931 5141 ut
943 5103 990 5143 eas
1008 5103 1119 5144 entism-
1170 5085 1241 5140 arturi
1256 5083 1392 5140 Narbonae
1416 5099 1472 5137 iton
1488 5083 1675 5147 diruerentur,
1691 5081 1725 5134 uh
1746 5078 1798 5134 hoc
1814 5080 1895 5133 etiam
1911 5077 1958 5131 de-

446 5176 551 5232 stodias
571 5187 599 5231 et
611 5176 752 5243 delendas,
768 5180 948 5234 coricedcutcs
960 5180 1009 5235 tihi
1033 5180 1121 5235 reddi·
1170 5177 1314 5233 scenderat
1329 5177 1438 5232 obviant
1456 5175 1597 5229 badurico
1611 5189 1699 5244 usque
1711 5171 1842 5226 liiennarn
1861 5189 1867 5224 :
1884 5171 1958 5225 dice-

445 5279 575 5326 rorentus
589 5286 696 5336 earurn,
720 5288 782 5326 curn
796 5273 921 5341 justitiis,
938 5282 1038 5328 etcum
1058 5273 1120 5328 aliis
1170 5269 1218 5323 bat
1228 5267 1362 5338 siquidem
1377 5267 1449 5337 quod
1470 5281 1519 5320 sua
1542 5274 1602 5321 erat
1626 5263 1765 5327 Narbona,
1780 5272 1808 5315 et
1833 5262 1885 5316 hoc
1908 5276 1959 5330 pro

443 5363 612 5419 isdictionem
640 5364 837 5434 spectantibus,
863 5379 925 5419 cum
948 5379 998 5420 nec
1019 5364 1119 5434 possis,
1171 5370 1249 5432 parte
1271 5375 1366 5415 reruni
1380 5365 1458 5412 erat:
1476 5359 1589 5427 irtsuper
1603 5357 1685 5411 etiarn
1710 5355 1839 5410 ducatum
1854 5351 1958 5406 Narbo-

443 5456 507 5513 bcas
521 5458 640 5527 propriis
668 5458 812 5528 stipendiis
836 5457 964 5524 militare,
976 5458 1058 5513 saltis
1072 5472 1121 5512 ex·
1171 5468 1223 5515 nae,
1236 5467 1317 5522 quem
1338 5451 1373 5505 ab
1395 5450 1516 5520 antiquis
1542 5448 1711 5519 temporibus
1726 5460 1818 5502 cotues
1833 5455 1960 5499 tenuerat

466 5565 516 5620 pro
534 5552 687 5606 nautritioue
701 5561 728 5606 et
736 5551 861 5607 custodia
876 5562 1042 5617 castrorum,
1059 5566 1121 5621 quse
1171 5545 1336 5611 Tolosanus,
1351 5552 1531 5612 usurpaverat
1553 5541 1605 5598 sihi
1631 5540 1857 5609 archiepiscopus
1871 5544 1898 5589 et
1917 5545 1958 5590 tc-

444 5639 512 5695 dato
530 5653 625 5696 nostro
638 5650 774 5706 tenentur,
787 5642 956 5698 nobilitatem
970 5650 1043 5698 tuam
1057 5656 1118 5697 cunt
1171 5642 1262 5696 nebat.
1285 5637 1416 5707 Quamvis
1442 5649 1534 5693 autem
1559 5636 1684 5690 homiues
1698 5632 1892 5687 Narbonenses
1914 5644 1958 5686 es·

443 5732 572 5804 liligentia
598 5750 815 5801 commonemus,
840 5737 906 5791 totis
923 5736 1064 5791 allectihus
1092 5737 1119 5790 in
1171 5743 1232 5788 sunt
1252 5746 1302 5804 pro
1328 5741 1405 5802 parte
1431 5733 1465 5787 de
1482 5729 1605 5785 dominio
1632 5726 1842 5799 archicpiscopi,
1865 5736 1956 5779 tamen

444 5842 454 5879 ι
476 5829 646 5898 postulantes
662 5845 712 5900 pro
735 5831 858 5897 numine,
882 5845 914 5885 ac
933 5831 985 5885 suh
1001 5831 1121 5886 obtesta-
1170 5836 1265 5882 enntra
1288 5823 1373 5880 ὓειιιιι
1394 5833 1422 5880 et
1444 5822 1702 5886 christianitatem,
1726 5820 1821 5875 conniti
1843 5816 1958 5872 llontis·

443 5916 520 5973 livini
538 5921 661 5975 numinis
681 5919 859 5977 obsecrantes
880 5922 906 5976 in
931 5923 1120 5978 renuissionem
1172 5918 1295 5975 sortisse
1318 5924 1513 5988 opposuerant,
1535 5915 1592 5971 inno
1617 5913 1757 5969 Christum
1781 5912 1959 5981 impugnare-

443 6008 528 6064 iiuutn
555 6010 739 6082 injungendo,
757 6020 894 6080 quatenus
920 6025 975 6064 uon
1001 6009 1121 6081 refugias
1171 6020 1234 6066 rant
1249 6020 1306 6065 toto
1320 6011 1393 6076 nisu,
1406 6009 1441 6062 ob
1456 5995 1508 6062 hoc
1522 6007 1603 6062 etiam
1623 6007 1649 6060 in
1664 6004 1754 6059 villam
1770 6017 1850 6059 suain
1874 6001 1959 6056 inho-

443 6117 481 6156 iro
506 6101 617 6159 Christo
633 6105 796 6174 legationem
821 6103 953 6174 recipere,
976 6119 1039 6159 cuni
1064 6105 1121 6172 ipse
1172 6105 1303 6158 irriserant
1313 6102 1406 6157 hostes
1419 6100 1521 6156 Christi
1537 6107 1566 6154 ct
1579 6099 1625 6155 diu
1645 6105 1799 6154 oerrucrant.
1812 6090 1958 6158 hrohtept-

443 6192 540 6251 tPatrc
554 6196 688 6266 legatione
702 6207 827 6266 suscepta
843 6205 970 6268 tanquam
986 6195 1061 6268 gigas
1074 6211 1121 6252 cti·
1172 6208 1255 6268 scopo
1274 6194 1369 6262 etiam,
1388 6194 1435 6264 qui
1450 6207 1500 6264 pro
1525 6192 1733 6250 conservatione
1758 6199 1903 6246 rnurotum
1920 6181 1959 6244 ita
