5125 7059
364 689 412 746 tut
872 688 1081 745 lustratus
1099 688 1282 747 ADVERSUS
1300 690 1461 748 JUDAEUll.
1922 693 1973 749 idi

363 809 485 866 eredere.
502 806 628 862 birinum
651 804 758 876 ,aliquid
778 813 805 860 et
828 805 996 877 ultraquam
1025 806 1142 861 bumana
1158 814 1246 877 Aqua
1260 807 1343 863 rideri
1360 809 1446 879 possit
1462 810 1496 863 ab
1511 809 1619 863 bomine
1638 809 1666 863 iu
1688 808 1765 872 Sion,
1784 808 1810 862 id
1830 817 1872 866 est
1887 811 1914 865 iu
1929 809 1973 866 Je-

362 909 461 956 uatura
481 905 659 971 cognosceret
677 897 706 952 in
733 896 785 953 boc
803 896 863 968 ejus
888 897 993 954 remitte
1018 898 1140 952 loturum
1191 900 1321 964 rttsalem,
1340 901 1407 957 telis
1421 901 1502 966 nolis,
1517 899 1564 972 oui
1588 901 1696 970 respuis
1709 901 1860 969 doctrinam
1880 901 1973 959 Eccle-

363 990 513 1052 iatellexit,
539 988 586 1045 nbi
612 987 646 1044 ad
673 1003 779 1045 serrum
808 1003 887 1043 suunt
912 988 1030 1058 loquitur
1046 1008 1053 1044 :
1070 987 1142 1042 Pone
1190 992 1237 1047 sim
1250 998 1277 1047 et
1292 995 1381 1047 omnia
1396 993 1437 1047 ris
1449 993 1621 1063 interpretari
1635 992 1670 1046 ad
1687 994 1805 1048 litteram
1822 994 1970 1050 secundom

361 1094 557 1139 monantulam
574 1099 651 1153 asper
667 1083 863 1154 [emorraeum
878 1093 903 1136 et
920 1081 985 1152 jura
997 1097 1042 1150 per
1059 1081 1141 1136 Deum
1190 1092 1264 1137 tuam
1280 1081 1526 1152 interpretationem
1541 1083 1624 1138 stabit
1639 1083 1690 1136 ista
1709 1083 1854 1139 sententia.

360 1176 421 1236 ΝΗ
434 1175 510 1249 ((Ῐθι·
526 1176 611 1246 ¹¹³)-
626 1174 696 1241 (ΝΜ
716 1175 768 1231 ὓῑω
788 1175 844 1228 ῊΙΙῑ
865 1174 954 1230 femur
975 1174 1089 1229 ΛΜΨ
1107 1172 1142 1228 Ν
1189 1194 1261 1251 Deus
1272 1196 1300 1250 iu
1313 1213 1390 1250 carue
1403 1194 1479 1251 οιιιι
1493 1194 1527 1247 ad
1543 1197 1646 1250 oculum
1662 1194 1799 1250 uidendae.
1816 1195 1910 1266 Aupeli
1925 1194 1972 1250 uo·

360 1267 446 1332 Ιιιιιι
460 1268 543 1324 ercli?
560 1266 607 1323 Vel
626 1283 686 1339 quae
704 1275 746 1323 est
769 1267 821 1322 ista
840 1266 1009 1336 comparatio
1029 1266 1141 1323 semoris
1355 1267 1466 1321 minibus
1481 1267 1608 1335 qauutodo
1621 1275 1807 1333 apparuerunt.

359 1361 422 1428 ejus
432 1365 459 1416 et
472 1358 536 1415 bell
547 1359 599 1415 nisi
613 1359 676 1429 qnia
688 1373 736 1429 per
750 1372 852 1422 semem
868 1356 895 1413 id
905 1365 1066 1413 estcaruenr
1081 1357 1141 1428 ejus
1225 1358 1269 1414 l'l.
1290 1356 1418 1413 Testatur
1436 1358 1488 1413 boc
1499 1355 1583 1413 isaias
1597 1361 1717 1427 apertius
1729 1355 1775 1411 nbi
1792 1356 1843 1411 ait:
1862 1357 1972 1425 Propter

359 1451 577 1506 benedictionem
591 1450 666 1507 daret
679 1465 797 1521 superna
816 1449 954 1515 diuinitas,
968 1457 996 1505 et
1007 1464 1061 1504 non
1077 1458 1138 1503 tan·
1189 1450 1238 1505 loc
1249 1451 1313 1505 sciet
1326 1449 1435 1519 populus
1449 1465 1520 1503 meus
1534 1465 1626 1502 nomeu
1640 1464 1724 1501 meum
1740 1449 1767 1501 iu
1780 1448 1823 1502 die
1835 1450 1892 1512 illo,
1907 1451 1970 1520 quia

359 1551 419 1604 tum
433 1558 482 1614 per
494 1558 622 1607 carnem,
640 1542 688 1598 sed
700 1543 832 1606 incarne,
847 1541 918 1596 sicut
938 1541 997 1611 ipse
1010 1539 1140 1596 Dominus
1189 1559 1235 1613 epo
1246 1558 1301 1611 apae
1313 1542 1359 1612 qai
1380 1541 1503 1612 loquebar
1515 1557 1572 1595 ecce
1591 1539 1685 1595 adsum
1700 1538 1768 1610 (lto.
1786 1541 1845 1612 tn).
1859 1541 1915 1596 lloc
1929 1551 1971 1598 est

358 1632 399 1687 ait
416 1631 470 1688 :lu
483 1633 580 1689 semiue
595 1643 650 1689 tato.
666 1629 700 1685 lu
716 1623 805 1694 laiac,
820 1629 928 1701 lupuit,
944 1628 1078 1683 onceditur
1093 1628 1140 1682 lidi
1189 1634 1236 1706 qui
1248 1634 1378 1705 loquebar
1392 1633 1421 1688 iu
1432 1635 1490 1704 lege
1504 1649 1552 1704 per
1561 1631 1676 1705 Moysen
1687 1645 1715 1689 et
1724 1636 1878 1704 propbetas,
1897 1651 1971 1690 nuuc

357 1742 445 1781 semen
458 1724 551 1797 (liele.
568 1725 615 1795 u);
631 1722 685 1780 ndu
697 1732 785 1778 tamen
798 1722 857 1795 ipse
869 1721 946 1793 lsapc
960 1721 1024 1776 illud
1035 1736 1138 1777 senten.
1189 1740 1240 1797 ego
1251 1726 1309 1795 ipse
1321 1741 1440 1794 presens
1455 1742 1526 1782 sum.
1542 1724 1575 1779 Et
1594 1734 1656 1795 post
1671 1728 1823 1784 modicum:
1841 1726 1922 1782 Octrlo
1937 1726 1972 1781 orl

356 1823 436 1879 Alius
450 1838 515 1893 ergo
525 1836 605 1892 quam
617 1819 692 1878 isaac
702 1819 882 1890 requirendus
895 1825 946 1883 est,
960 1833 1009 1888 per
1019 1831 1099 1888 utrem
1112 1823 1141 1892 ιι
1189 1818 1293 1872 οιιιιιι
1303 1816 1500 1880 oideiout‚cum
1510 1818 1662 1872 couverterit
1674 1817 1802 1872 domiuus
1811 1818 1871 1873 Sicu
1883 1819 1970 1892 (illd.)

357 1915 456 1984 inquo
479 1912 631 1968 benedictio
651 1911 779 1984 gentibus
801 1911 871 1965 mitti
893 1909 1001 1965 debeat.
1014 1906 1082 1975 Quis
1098 1916 1140 1963 cst
1189 1908 1260 1977 Quid
1275 1917 1317 1965 cst
1331 1909 1410 1964 oculo
1424 1907 1458 1962 ad
1473 1909 1582 1962 oculum
1597 1909 1689 1964 videre
1705 1908 1846 1964 bominum
1862 1926 1972 1968 convcr-

356 2007 410 2062 istc
430 2012 523 2061 tantus
544 2020 576 2060 ac
592 2004 654 2061 talis
666 2004 700 2060 dc
716 2002 820 2062 semine
835 2001 951 2059 librabae
971 2000 1138 2060 nasciturus.
1190 2008 1291 2057 tentem
1308 1998 1392 2055 siout
1413 1998 1483 2054 Num
1503 2000 1575 2056 Deus
1594 2009 1683 2070 potest
1708 2001 1735 2054 in
1763 2016 1812 2057 sua
1834 2002 1972 2058 divinitate

355 2116 406 2172 per
420 2115 500 2170 qoem
515 2100 583 2155 etin
605 2114 660 2169 quo
673 2097 826 2153 benedictio
840 2094 991 2152 divinitatis
1011 2093 1139 2148 uniuerso
1190 2092 1260 2147 sicot
1273 2101 1314 2173 est
1329 2092 1414 2148 uideri
1429 2093 1463 2146 ab
1479 2091 1606 2147 bomine?
1620 2091 1699 2147 Certe
1714 2093 1771 2162 ipse
1786 2095 1823 2148 ait
1839 2095 1872 2149 ad
1895 2095 1971 2168 bloy-

356 2187 459 2241 mundo
471 2186 617 2257 refulgeat?
625 2185 714 2241 illium
723 2185 890 2256 respondere
900 2201 954 2240 non
965 2183 1077 2256 poteris,
1086 2181 1140 2238 nisi
1155 2173 1176 2228 Β
1190 2200 1255 2240 seu:
1280 2182 1342 2239 Nou
1356 2185 1450 2240 uidebit
1464 2201 1504 2240 me
1521 2185 1597 2239 dontio
1611 2195 1636 2240 et
1652 2189 1715 2238 uiuet
1739 2184 1836 2255 (deod.
1851 2189 1927 2250 xxxi,
1944 2195 1971 2243 ct

354 2277 433 2333 illum
454 2293 533 2349 qrrcm
553 2277 636 2333 David
650 2284 765 2334 testator
788 2292 860 2343 esse,
875 2276 968 2332 diceus
981 2295 995 2354 ,²
1013 2275 1140 2330 Durnium
1189 2286 1278 2333 tamen
1298 2277 1377 2333 oculo
1400 2277 1434 2332 ad
1460 2278 1568 2334 oculum
1583 2278 1716 2333 ridendus
1734 2293 1796 2335 esse
1796 2328 1809 2373 t
1820 2281 1972 2349 praedicitur

353 2371 429 2425 dulit
454 2370 638 2442 minuitatem
650 2368 738 2440 (Psoi.
754 2367 876 2438 exusto).
898 2366 927 2423 Si
949 2367 976 2422 in
1001 2382 1083 2422 carnc
1107 2365 1140 2422 dc
1189 2370 1217 2426 in
1233 2368 1385 2427 Jerusalem
1403 2385 1466 2427 cnm
1489 2371 1655 2426 converterit
1666 2387 1736 2430 eam.
1754 2371 1840 2427 Oculo
1851 2372 1884 2425 ad
1904 2388 1972 2428 ocu-

353 2468 440 2535 stirpe
461 2465 577 2520 Abrahae
591 2464 679 2520 danila
694 2471 735 2520 ιιι
747 2463 855 2518 cunctis
866 2461 993 2534 gentibus
1013 2461 1139 2517 benedic·
1188 2464 1245 2519 lum
1258 2463 1344 2519 uideri
1355 2478 1409 2519 neu
1423 2471 1512 2534 potest
1522 2464 1575 2520 nisi
1586 2464 1657 2535 quod
1675 2480 1774 2535 eorpus
1785 2473 1841 2532 est;
1857 2473 1883 2520 et
1897 2466 1971 2536 quod

352 2560 410 2620 tio.
426 2564 453 2614 et
467 2571 520 2611 non
535 2557 606 2612 alius
621 2557 658 2612 sit
672 2571 732 2611 eam
745 2555 861 2619 daturus
876 2570 958 2626 qoam
975 2556 1034 2626 ipse
1047 2553 1140 2609 bonti-
1188 2571 1290 2627 corpus
1304 2564 1355 2621 est,
1370 2555 1468 2622 uideri,
1482 2556 1578 2611 sentiri
1598 2563 1625 2612 et
1643 2556 1746 2627 palpari
1764 2565 1859 2628 potest.
1881 2554 1908 2610 Si
1925 2574 1971 2613 ιι-

352 2667 419 2716 nos,
428 2667 517 2722 neque
526 2667 591 2709 earo
602 2650 718 2708 Abrabae
730 2652 790 2708 sine
804 2650 918 2707 uouiuo
929 2651 997 2706 inea
1008 2658 1140 2720 prasente
1169 2629 1249 2704 'rum
1271 2656 1314 2704 est
1326 2648 1404 2720 juxta
1428 2649 1587 2719 proplietam
1609 2649 1683 2721 qood
1704 2647 1831 2707 bouriuus
1843 2651 1921 2707 oculo
1935 2652 1969 2706 ad

352 2758 416 2798 eam
436 2743 502 2798 dare
524 2744 641 2813 poterit,
663 2757 752 2813 neque
771 2739 918 2807 Dominus,
943 2748 973 2797 ut
988 2757 1082 2799 terum
1103 2741 1139 2798 sit
1187 2740 1297 2796 oculum
1313 2740 1446 2798 ridendus
1461 2741 1497 2798 sit
1520 2743 1548 2797 in
1564 2739 1642 2808 Sion,
1664 2752 1692 2799 et
1716 2744 1774 2814 ipse
1798 2743 1924 2800 bonitius
1941 2745 1970 2800 iu

353 2837 429 2907 qood
441 2836 584 2907 promisit,
599 2836 675 2892 dabit
697 2850 757 2892 eam
776 2835 831 2893 nisi
853 2849 973 2907 presens
997 2836 1026 2891 in
1043 2850 1137 2900 mine,
1188 2849 1238 2890 sna
1254 2832 1395 2890 diuinitate
1412 2834 1447 2889 ab
1460 2834 1570 2890 homine
1586 2836 1694 2890 mortali
1705 2836 1853 2892 riderinon
1868 2847 1967 2907 potest,

352 2928 421 3000 prtia
450 2928 532 2985 bomo
551 2929 677 3000 quamvis
703 2927 738 2985 de
764 2928 869 2984 semine
891 2927 1006 2984 tibraltae
1033 2943 1082 2999 per
1108 2943 1138 2985 sc
1189 2923 1230 2981 uel
1244 2927 1285 2982 sic
1298 2925 1340 2982 vel
1363 2926 1418 2982 alio
1431 2926 1512 2982 modo
1526 2927 1678 2996 ridebitur;
1694 2927 1742 2984 sed
1758 2944 1812 2984 uon
1827 2929 1853 2984 in
1870 2931 1969 2985 diuini-

352 3019 571 3076 beuedictionem
588 3019 710 3075 diuinam
731 3021 839 3077 cunctis
856 3020 983 3092 gentibus
998 3021 1064 3076 darc
1083 3035 1137 3076 non
1188 3026 1253 3075 tate.
1269 3018 1341 3091 Erpo
1355 3018 1383 3074 iu
1399 3033 1525 3090 corpore,
1542 3028 1570 3077 ct
1588 3036 1644 3077 nou
1657 3021 1820 3094 in·quolibet
1834 3036 1909 3078 atreo
1925 3024 1968 3080 ιιι

352 3119 458 3183 posset,
475 3112 529 3169 nisi
543 3111 626 3176 bens,
638 3112 685 3185 qui
699 3113 825 3202 estlipsa
838 3112 1003 3178 benedictio,
1017 3127 1138 3182 praesens
1187 3113 1371 3183 phantastico,
1388 3111 1436 3167 sed
1450 3112 1581 3171 humano.
1597 3097 1725 3186 Angelos,
1741 3116 1839 3186 inquit,
1852 3132 1919 3187 sepe
1932 3118 1970 3172 ri-

352 3204 382 3264 ln
393 3214 619 3261 carnemaueret.
632 3202 685 3260 Sed
699 3205 837 3276 quomodo
849 3205 921 3262 [ιιιι
932 3213 960 3262 ιι
973 3203 1085 3270 raro,id
1095 3212 1137 3259 est
1186 3203 1287 3258 derunt
1312 3201 1417 3270 Patres,
1433 3221 1488 3262 non
1507 3213 1599 3261 tamen
1623 3207 1699 3279 ipsos
1723 3209 1833 3278 angelos
1847 3207 1968 3264 bomincs

351 3296 426 3353 Deus
445 3303 473 3353 et
490 3297 588 3363 bomo,
613 3312 694 3352 unam
711 3297 931 3354 benedictionem
953 3297 1063 3361 darent,
1084 3297 1137 3353 nisi
1186 3295 1309 3354 elleotos.
1331 3296 1386 3355 Nos
1408 3297 1459 3355 boc
1476 3313 1647 3372 nequaquam
1668 3314 1811 3370 negamus,
1825 3299 1870 3355 scd
1892 3298 1968 3355 alind

351 3387 554 3459 quodammodo
569 3404 653 3444 ouum
667 3387 891 3446 essenthullus
905 3396 994 3460 Ρθιθιι
1009 3389 1138 3444 uniuerso
1186 3387 1364 3461 estangelum
1391 3386 1424 3443 ali
1449 3389 1544 3444 boram
1563 3403 1678 3460 corpore
1700 3398 1838 3457 assumpto
1857 3403 1891 3442 ex
1905 3403 1969 3443 aere

351 3478 456 3536 mundo
467 3480 628 3564 benedieere
644 3481 698 3538 nisi
712 3479 795 3545 Deus,
811 3496 862 3537 nec
874 3481 953 3552 juxta
971 3482 1135 3551 promissum
1150 3516 1171 3572 c
1188 3486 1255 3533 nutu
1278 3486 1306 3533 ct
1326 3480 1465 3537 uoluntate
1489 3480 1537 3537 ilci
1557 3495 1689 3553 apparere
1711 3479 1873 3544 bominibus,
1895 3478 1967 3533 aliud

350 3570 400 3627 Ilei
415 3572 494 3629 debet
504 3573 559 3629 uisi
573 3573 664 3630 burno.
677 3572 749 3645 Ergo
762 3574 838 3631 dabit
852 3589 912 3630 eam
926 3572 998 3631 bens
1010 3575 1102 3636 homo,
1187 3570 1274 3639 ipsum
1287 3571 1430 3627 bominum
1440 3587 1487 3643 per
1495 3573 1642 3644 prophetas
1651 3573 1821 3642 presentiam
1833 3571 1966 3643 propriam

387 3663 432 3722 lli.
452 3663 486 3719 Et
499 3665 551 3721 boc
561 3665 658 3736 probat
671 3668 793 3738 apertius
802 3666 830 3722 in
842 3667 1005 3739 precedenti
1021 3668 1135 3739 pmlmo,
1186 3664 1388 3734 promittentem
1419 3665 1454 3721 ad
1485 3665 1611 3722 ellectum
1643 3667 1778 3738 promissa
1808 3662 1965 3735 perdocere,

350 3751 681 3809 dicenszlieuedietiouem
691 3755 999 3828 dolitlepisletorffsal.
1010 3760 1135 3827 taxatur),
1185 3764 1213 3810 ct
1227 3771 1382 3812 sermonem
1396 3771 1478 3828 opere
1494 3757 1616 3814 ueritatis
1631 3757 1753 3829 implere.
1776 3754 1804 3811 Si
1821 3754 1903 3825 aupeu
1918 3769 1967 3824 ap·

350 3845 405 3903 boc
416 3855 459 3903 est
472 3847 688 3905 benedictionem
698 3849 776 3906 dabit
789 3850 836 3920 qui
859 3851 944 3924 legem
959 3852 1042 3908 dedit.
1056 3851 1136 3909 ibunt
1185 3855 1334 3916 paruerunt
1348 3847 1474 3915 soranae,
1490 3848 1551 3913 1⁴⁰2,
1567 3848 1663 3922 Μῡιῦῖ,
1689 3848 1784 3915 toene,
1806 3847 1911 3902 3³¹¹⁸¹¹¹
1937 3852 1965 3901 ⁰⁸

351 3940 391 3996 uti
403 3942 505 4012 quibus
517 3957 578 3998 eam
592 3943 699 3999 dederit
713 3942 747 3999 de
765 3944 867 4001 virtute
888 3945 1136 4007 retineremur
1184 3935 1294 4003 banne,
1318 3954 1373 3995 nou
1398 3947 1489 3996 umen
1508 3953 1695 4013 apparuerunt
1715 3942 1743 3996 in
1764 3955 1854 4004 carue,
1871 3939 1917 3994 seo
1936 3939 1966 3993 in

343 4041 394 4090 ιιι
411 4035 446 4091 de
468 4036 539 4092 bono
562 4051 611 4106 per
625 4037 754 4092 mandata
774 4037 842 4108 legis
862 4037 957 4092 babitu
978 4035 1006 4091 in
1027 4037 1135 4102 melius,
1185 4045 1300 4102 corpore
1314 4039 1582 4103 assumptocxaere.
1597 4033 1728 4091 Dominus
1743 4044 1898 4089 autemnon
1913 4031 1964 4089 sic.

349 4124 425 4193 uurod
439 4127 492 4181 erit
507 4127 566 4197 ipsa
582 4127 737 4183 benedictio
751 4143 834 4198 quam
848 4127 925 4183 dabit
940 4128 999 4200 ipse
1012 4128 1098 4196 ben„
1109 4137 1137 4185 et
1185 4122 1320 4189 Quoniam
1343 4123 1366 4179 si
1390 4132 1515 4180 creatura
1541 4136 1664 4181 sumator
1677 4125 1712 4181 ab
1726 4126 1790 4190 alia,
1806 4130 1966 4196 preceptum

349 4216 413 4273 ideo
429 4217 463 4274 de
477 4219 579 4274 uirtute
601 4219 630 4273 in
653 4220 782 4276 virtutum
806 4217 907 4291 (idid),
924 4220 951 4275 id
972 4230 1016 4276 est
1037 4236 1053 4275 a
1077 4222 1136 4292 lege
1185 4214 1226 4270 rel
1253 4217 1401 4286 promissio
1424 4217 1566 4274 creatoris
1588 4218 1719 4275 estnon
1739 4218 1767 4273 id
1789 4218 1860 4288 quod
1882 4216 1965 4273 semel

349 4310 423 4367 bona
437 4310 592 4366 transibunt
607 4311 635 4365 in
657 4312 773 4382 gratiam
788 4312 1017 4384 meliorem,rquia
1030 4311 1135 4369 virlebi·
1184 4309 1335 4364 assumitur
1355 4324 1462 4380 semper
1476 4310 1517 4366 sic
1539 4320 1640 4378 manet,
1656 4309 1752 4366 sedati
1777 4311 1882 4375 iteranti
1902 4309 1965 4380 uuit

349 4402 465 4473 toripse
478 4401 549 4459 beas
558 4403 672 4459 deorum
681 4404 770 4475 (illd.)
780 4406 868 4462 oculis
881 4405 974 4461 caruis
983 4412 1011 4460 et
1023 4391 1135 4476 {spectu
1184 4417 1272 4470 aeque
1286 4402 1399 4472 angelos
1414 4417 1471 4467 aer,
1487 4418 1574 4474 neque
1588 4417 1635 4458 aer
1658 4404 1770 4474 augelus
1785 4419 1845 4460 esse
1855 4411 1966 4472 potest:

348 4508 484 4564 corporeo
500 4494 527 4548 in
542 4492 618 4558 Sion,
636 4494 688 4551 boc
708 4505 751 4552 est
772 4497 799 4550 in
818 4497 878 4567 ipsa
902 4497 1012 4552 ciuitate
1024 4495 1136 4552 Jerusa-
1184 4495 1257 4566 quod
1271 4511 1337 4551 tero
1357 4495 1443 4552 abeo
1467 4496 1629 4562 assumitur,
1655 4493 1727 4553 [ιιιι
1747 4503 1808 4565 ιιι;
1823 4496 1882 4568 qaia
1897 4496 1965 4553 ubit

349 4584 414 4641 lem.
431 4583 493 4640 llaec
505 4599 538 4640 eo
553 4601 635 4641 sensu
649 4586 767 4643 dicimus
780 4603 834 4660 quo
857 4597 904 4642 tua
927 4595 970 4644 cst
987 4588 1135 4645 refellenda
1184 4583 1213 4639 in
1227 4584 1282 4640 beo
1295 4584 1368 4656 quod
1383 4600 1438 4640 non
1450 4585 1487 4642 tit
1502 4585 1584 4641 bens.

348 4677 474 4748 perfidia,
500 4693 554 4732 ιιι
576 4693 631 4748 quo
656 4681 806 4737 auctoritas
826 4679 954 4737 secretus
968 4681 1132 4737 eboratas.
1183 4695 1254 4752 neus
1274 4697 1385 4753 ιιιιι
1406 4700 1692 4770 ministraturae
1707 4701 1760 4756 tet
1782 4701 1809 4756 n
1827 4701 1964 4757 ametu-

350 4765 385 4818 tlt
394 4774 438 4820 est
447 4765 674 4822 considerandum
690 4769 821 4826 attentius
834 4771 897 4841 quit
909 4772 945 4828 sit
958 4772 1027 4826 ordo
1040 4772 1135 4828 nerbo-
1531 4786 1621 4827 mana.
1653 4816 1654 4820 ,

348 4869 422 4914 tutu.
437 4853 502 4910 Post
516 4855 601 4926 leuem
614 4856 705 4912 datam
716 4857 930 4917 benedictionem
940 4875 1002 4916 ease
1016 4859 1133 4917 dandam
1150 4859 1171 4914 b
1220 4861 1263 4917 ts.
1284 4860 1352 4917 Cum
1369 4860 1461 4931 itaque
1477 4859 1549 4918 ileos
1563 4878 1593 4918 ιι
1607 4845 1743 4920 visibilem
1757 4865 1828 4920 iuter
1841 4865 1964 4922 homiues

348 4945 476 5013 allirmat,
492 4963 542 5018 per
556 4963 637 5020 quam
655 4949 695 5003 illi
709 4950 853 5021 proficiant
864 4952 980 5008 debono
993 4954 1022 5008 in
1036 4953 1135 5009 tnclius
1184 4963 1329 5010 tenturum
1353 4969 1414 5010 csse
1438 4955 1592 5023 promittat,
1609 4971 1703 5026 quaro
1728 4971 1743 5011 a
1758 4964 1785 5014 ιι
1809 4964 1897 5013 utrum
1915 4974 1964 5030 per

329 5040 397 5125 'qui
411 5040 498 5096 uisuri
512 5049 577 5097 stunt
598 5042 687 5113 ipsam
705 5041 790 5100 Ιιιιιι
808 5044 836 5100 in
860 5043 1022 5102 Jerusalem.
1040 5045 1132 5102 ιιιιι-
1184 5044 1344 5100 rationalem
1358 5060 1392 5099 an
1407 5044 1591 5099 irrationalem
1605 5054 1759 5102 creaturam
1771 5046 1899 5103 ridendus
1912 5048 1965 5103 sit?

348 5146 407 5189 tutu
422 5133 476 5187 alia
499 5135 634 5204 superior,
650 5135 704 5189 alia
721 5134 842 5192 inferior.
858 5136 927 5193 Num
941 5139 1005 5209 quia
1020 5137 1091 5196 Deus
1105 5154 1135 5197 se
1183 5137 1243 5193 Nou
1256 5155 1287 5195 cs
1305 5144 1388 5192 tantae
1402 5136 1547 5194 dementiae
1563 5146 1593 5193 ut
1610 5139 1687 5193 dicas
1702 5140 1778 5194 illum
1798 5141 1842 5209 qui
1857 5155 1963 5196 sumnia

340 5223 497 5282 uidendum
510 5227 644 5296 promittit
667 5210 794 5291 iu'ierra,
808 5227 870 5284 ideo
884 5228 923 5283 illi
945 5230 992 5300 qui
1013 5246 1076 5286 eum
1090 5231 1134 5286 ri·
1184 5231 1254 5285 ratio
1275 5230 1361 5286 estin
1381 5244 1411 5284 sc
1432 5228 1533 5299 aliquid
1551 5228 1707 5285 irrationale
1724 5244 1869 5286 assumere.
1890 5227 1964 5286 luter

346 5318 408 5376 sari
424 5324 489 5373 snut
500 5317 578 5373 ibunt
592 5317 626 5373 de
639 5320 773 5388 superiori
790 5319 824 5374 ad
846 5319 1020 5376 inlerioreml
1032 5338 1135 5393 nequa-
1183 5336 1278 5377 omnes
1291 5326 1430 5384 creaturas
1444 5319 1512 5374 nibil
1528 5320 1660 5375 rationale
1679 5320 1733 5376 nisi
1752 5321 1832 5375 lromo
1840 5327 1867 5375 et
1879 5335 1963 5391 aupe-

346 5424 447 5481 quam3
466 5409 515 5464 sed
529 5408 646 5464 debono
666 5411 699 5465 ad
714 5411 864 5475 meliorem,
886 5411 939 5466 boc
960 5421 1002 5468 est
1019 5413 1053 5469 dc
1077 5415 1134 5484 lege
1184 5416 1240 5481 lus,
1256 5421 1282 5468 ct
1296 5413 1425 5483 quoniam
1443 5411 1556 5482 angelus
1570 5410 1684 5479 spiritus
1699 5411 1840 5466 invisibilia
1859 5419 1912 5473 est,
1928 5413 1962 5467 ab

346 5499 383 5556 ad
407 5501 534 5571 gratiam,
549 5500 572 5556 si
597 5500 644 5557 ille
666 5503 713 5572 qui
736 5502 822 5573 legem
838 5503 912 5559 dedit
933 5506 974 5563 ιιΙ
996 5506 1134 5576 legislator
1183 5507 1256 5562 onmi
1268 5506 1373 5560 ratione
1383 5505 1491 5574 penitus
1504 5510 1546 5559 est
1560 5504 1690 5561 alienum.
1706 5501 1789 5556 Ιιιιιι
1802 5503 1962 5558 invisibilem

346 5593 566 5648 benedictionem
583 5592 670 5654 dabit.
692 5601 720 5654 ιι
743 5595 804 5651 ideo
826 5595 890 5650 ituri
912 5606 977 5653 suttl
999 5600 1077 5655 electi
1099 5600 1133 5656 dc
1184 5616 1231 5671 por
1244 5599 1318 5653 aliud
1333 5597 1470 5653 invisibile
1482 5597 1614 5651 visibilem
1639 5595 1782 5649 affirmare.
1796 5594 1862 5661 Quo
1878 5596 1964 5664 ergo?

346 5684 449 5739 ιιιιιιι
467 5683 496 5739 ιι
521 5685 658 5749 uirtutem,
684 5687 766 5751 unde,
791 5687 833 5743 ιιι
856 5703 921 5759 ιιι,
946 5691 998 5746 uisi
1020 5690 1134 5763 delego
1182 5693 1224 5747 rel
1242 5690 1358 5746 risibilis
1372 5689 1513 5761 apparebit
1538 5687 1566 5741 in
1590 5687 1710 5750 homine,
1730 5688 1771 5741 tel
1792 5701 1843 5742 noa
1863 5687 1963 5756 poterit

346 5776 426 5846 prius
440 5777 504 5833 data
527 5779 555 5834 in
577 5780 792 5836 benedictionem
813 5790 874 5852 post
898 5783 983 5855 legem
998 5784 1134 5840 dandam?
1182 5784 1262 5838 oculo
1276 5782 1309 5836 ad
1326 5783 1435 5837 oculum
1452 5780 1548 5844 uideri,
1560 5779 1638 5849 juxta
1649 5779 1720 5850 qttod
1736 5780 1861 5848 propbeta
1881 5778 1914 5833 dc
1928 5793 1962 5834 eo

347 5863 404 5920 Sed
417 5873 445 5922 ιι
465 5882 576 5924 causam
600 5885 651 5925 cur
666 5870 711 5926 ilat
735 5871 793 5927 llaec
808 5873 922 5926 mutatio
941 5874 1058 5929 dextere
1079 5873 1133 5930 Ex·
1182 5874 1312 5928 divinitus
1329 5872 1478 5942 inspiratus
1497 5869 1624 5925 assernit.
1645 5870 1672 5922 lii
1689 5884 1800 5923 necesse
1823 5877 1859 5921 est
1876 5866 1961 5924 berum

345 5956 430 6024 eelsi,
461 5968 660 6032 consequenter
689 5962 818 6018 adnectit.
854 5962 1005 6027 l'idelritur,
1033 5963 1131 6034 linquit,
1181 5965 1267 6021 uideri
1283 5980 1330 6035 per
1344 5963 1482 6019 bominem
1497 5971 1526 6016 ut
1540 5976 1632 6017 sermo
1647 5963 1835 6030 prophetarum
1849 5960 1962 6028 implea-

344 6050 419 6107 bees
433 6053 540 6109 deorum
560 6058 587 6110 iu
603 6056 677 6118 Sion.
694 6057 763 6115 Ecce
783 6058 848 6129 quid
861 6059 897 6113 sit
918 6059 963 6112 illa
979 6059 1132 6114 benedictin
1182 6066 1238 6122 tur,
1253 6072 1309 6112 non
1327 6065 1408 6112 erunt
1423 6056 1514 6126 utique
1528 6054 1598 6118 dum,
1618 6054 1665 6109 sed
1689 6069 1742 6107 una
1764 6067 1874 6122 persona
1889 6051 1960 6108 [leus

345 6143 485 6203 sacriflcio
499 6148 634 6206 melioret
649 6152 706 6224 lego
721 6148 896 6212 lrnetttosior.
913 6149 973 6231 ipsa
985 6150 1032 6208 bei
1049 6152 1130 6226 risio,
1181 6158 1208 6208 et
1224 6151 1315 6210 borno.
1331 6147 1384 6211 Sed
1400 6147 1520 6226 uunquid
1544 6146 1611 6205 Sion
1630 6148 1701 6205 dicct
1716 6147 1815 6212 bomo?
1828 6147 1960 6220 poteritne
