5125 7059
605 676 659 732 dib
1136 675 1274 732 sictubt
1294 674 1538 733 cubuerit-:usis
1558 674 1713 733 ueiscort
2174 679 2226 735 did

605 792 707 848 Curius
723 790 934 848 idcdiolancnsis
957 792 1107 848 historicus
1121 794 1174 848 suh
1190 794 1301 849 nornine
1324 793 1434 849 dicordi
1458 793 1597 863 scriptoris
1613 810 1704 848 eoram
1721 803 1878 863 temporam,
1902 793 2045 851 Siearoum
2072 808 2226 850 memorare

608 867 702 918 rolens
719 881 725 916 :
742 879 823 931 ouem
840 879 961 917 errorem
974 865 997 917 si
1014 865 1040 917 iii
1055 865 1239 945 typographos
1253 865 1365 931 rejicere
1378 865 1453 919 selis.
1477 880 1531 918 iioii
1549 865 1678 931 impedio.
1701 863 1771 918 Sunt
1785 876 1811 920 et
1822 866 1867 919 alii
1889 875 1993 920 veteres
2007 866 2053 934 qui
2077 880 2093 920 a
2111 862 2226 920 Sicardo

608 933 836 988 exclamationem
850 927 921 987 lianc
936 936 1051 988 iiiiitiiati
1067 950 1093 987 iii
1109 950 1174 988 siros
1190 934 1319 988 historias
1341 935 1501 989 intulerunt.
1518 934 1601 1004 Atqui
1616 935 1738 988 camdem
1765 936 1874 990 totidem
1892 935 1982 991 verbis
2004 935 2087 990 liahct
2107 934 2225 989 Chroni-

608 1018 660 1057 cori
678 1003 830 1057 htcstiinim
843 1004 877 1057 ad
893 1020 994 1058 aunum
1007 1005 1085 1059 illd.
1102 1002 1188 1071 Quam
1201 1004 1375 1060 concordiam
1391 1020 1482 1060 reruni
1501 1004 1546 1058 obi
1559 1005 1695 1075 perspexi,
1710 1006 1761 1059 etsi
1779 1006 1938 1078 chronologi
1957 1022 2056 1062 nomen
2072 1020 2128 1061 non
2143 1021 2227 1077 appa·

609 1085 691 1135 reret,
707 1074 780 1127 huuc
794 1083 883 1128 tunicii
900 1075 982 1129 alium
998 1092 1014 1129 a
1033 1074 1146 1130 Sicardo
1157 1090 1218 1130 csse
1229 1090 1283 1129 non
1298 1090 1378 1143 posse
1392 1077 1606 1133 teodericium.

645 1142 827 1209 Qiiainolircm
841 1144 937 1200 litteris
949 1147 1038 1199 deiuio
1052 1160 1134 1214 supra
1148 1145 1287 1199 laudatam
1301 1144 1518 1201 eruditissimum
1531 1145 1662 1201 Caesareae
1671 1147 1842 1203 iiiiiioibrme
1857 1146 2013 1216 praelectum
2028 1147 2222 1213 Gentiiottum,

609 1229 682 1270 niiiic
709 1215 907 1282 amplissimum
933 1215 1121 1270 Trideoiiiium
1146 1216 1317 1285 episcopum,
1335 1216 1461 1281 conicni,
1481 1215 1616 1285 simulque
1643 1215 1766 1272 Estensis
1781 1216 1911 1273 chronici
1936 1220 2076 1288 exemplar
2102 1219 2136 1273 ad
2162 1232 2224 1272 eum

608 1285 684 1350 ruisi,
699 1295 728 1339 ot
747 1287 914 1355 perspiceret
929 1297 1020 1341 utrum
1038 1301 1101 1341 curii
1118 1283 1324 1341 l’iiidoboneiisi
1353 1285 1449 1342 codice
1476 1286 1552 1357 paria
1574 1288 1811 1358 complecteretur.
1839 1285 1885 1342 ille
1909 1290 2035 1344 eumdem
2063 1290 2225 1358 scriptorem

609 1356 753 1423 iitrohiniie
769 1355 957 1424 deprehendit,
970 1371 1127 1426 quanquam
1145 1357 1215 1411 inter
1226 1372 1256 1410 se
1270 1356 1299 1410 iii
1317 1356 1457 1411 nonnullis
1473 1356 1582 1413 codices
1599 1357 1795 1428 discreparent.
1813 1354 1903 1422 Quare
1917 1367 1947 1413 ut
1964 1368 2006 1413 est
2027 1359 2054 1413 iii
2070 1359 2163 1413 omnia
2176 1358 2227 1411 hu·

608 1427 749 1480 inanitatis
764 1425 848 1480 officia
871 1442 986 1495 pronus,
1006 1427 1083 1481 renio
1099 1426 1169 1480 iacta
1190 1426 1434 1496 alidugustissiioo
1450 1425 1633 1482 Romanorum
1649 1429 1813 1498 imperatore
1824 1426 1923 1484 Carolo
1939 1427 1988 1493 vi,
2004 1429 2122 1498 hujusce
2138 1427 2227 1483 Colle·

608 1496 708 1549 etioiiis
723 1511 789 1549 meac
807 1506 925 1565 patrono
946 1498 1170 1562 clementissimo,
1190 1498 1323 1552 Caesarue
1351 1498 1523 1553 bibliothece
1546 1498 1668 1554 codicem
1690 1515 1705 1554 a
1725 1508 1847 1567 tempore
1869 1498 1959 1554 Caroli
1981 1499 2070 1569 llagni
2088 1499 2225 1568 usquead

608 1569 690 1620 turcio
707 1567 916 1621 describendum
934 1568 1051 1630 curavit,
1067 1578 1094 1622 et
1108 1567 1142 1620 ad
1162 1582 1206 1622 mo
1219 1567 1350 1623 continuo
1372 1567 1467 1632 inisit,
1489 1582 1545 1636 quo
1568 1568 1635 1622 inihi
1658 1569 1685 1623 in
1703 1577 1829 1639 prompto
1851 1579 1924 1623 esset
1942 1569 1975 1623 de
1997 1571 2048 1624 hoc
2063 1578 2226 1640 argomento

608 1634 724 1690 lectores
739 1639 974 1692 commonefacere
995 1638 1092 1692 tutius.
1116 1636 1156 1690 Eu
1177 1652 1243 1707 ergo
1264 1653 1327 1707 quie
1339 1636 1531 1692 animadverti.
1551 1636 1770 1695 vindobonensis
1784 1637 1869 1692 codex
1885 1654 1984 1708 purum
1999 1649 2094 1709 putum
2119 1637 2224 1694 Sicardi

607 1705 764 1760 chrronicon
779 1708 900 1770 exhibet,
918 1706 1064 1762 deductum
1078 1723 1093 1762 a
1113 1707 1253 1762 creatione
1265 1709 1360 1762 mundi
1374 1710 1407 1762 ad
1425 1723 1528 1762 annom
1551 1709 1629 1762 teti.
1648 1708 1755 1779 Prologi
1774 1708 1881 1773 titulos,
1896 1710 2018 1765 miniatis
2033 1709 2131 1763 litteris
2145 1709 2226 1763 iiiior·

608 1784 708 1837 initos,
729 1777 764 1829 ab
786 1777 862 1831 hisce
882 1778 974 1831 verbis
997 1779 1140 1831 exordium
1161 1781 1245 1832 sumit
1258 1797 1265 1832 ε
1278 1777 1378 1849 incipit
1396 1778 1527 1847 Proloptts
1541 1795 1619 1848 saper
1632 1778 1804 1843 chronicam,
1819 1795 1879 1849 puoe
1892 1790 1932 1832 est
1947 1797 1963 1832 a
1977 1782 2072 1833 domae
2087 1777 2226 1848 Syphardo

608 1844 778 1899 Cieiiionerisi
801 1849 921 1916 episcopo
944 1847 1026 1901 edito.
1057 1847 1153 1901 Rerum
1175 1847 1286 1902 Creator
1309 1850 1426 1902 omniane
1447 1858 1471 1901 ιι
1498 1849 1586 1918 opilea
1607 1849 1758 1903 coronidem
1785 1865 1866 1916 pentir
1887 1849 2031 1903 humanam
2053 1851 2082 1903 iri
2103 1866 2135 1902 ea
2158 1859 2227 1912 sorte

607 1915 714 1979 locarit,
728 1917 818 1969 nisibi
835 1919 949 1971 vicissim
973 1920 1077 1982 vivant,
1092 1926 1146 1973 etc.
1164 1916 1233 1973 'l'uin
1248 1918 1378 1974 Chronici
1397 1918 1504 1973 initium
1521 1919 1557 1973 ita
1577 1933 1607 1973 se
1629 1918 1710 1974 hahet
1725 1936 1732 1975 :
1747 1919 1833 1972 Adam
1852 1921 1960 1974 nomina
1983 1921 2058 1974 rebus
2078 1921 2225 1989 iriiposirit,

608 1987 639 2038 ιι
662 1987 737 2053 cujas
765 1996 838 2040 coito
854 1988 971 2057 [armato
983 2000 1021 2042 eit
1036 1987 1102 2054 lira,
1118 1989 1150 2043 de
1168 1988 1487 2059 perpruriscamus.
1507 1987 1610 2043 Exinde
1636 1988 1801 2043 breviarium
1834 1991 1942 2044 exhibet
1963 1999 2019 2043 ιιιιιι
2037 2006 2143 2055 sacrae,
2169 2000 2225 2043 tum

608 2055 731 2124 profanae
747 2057 867 2112 liistoriae
881 2075 967 2126 osque
982 2059 1015 2112 ad
1031 2071 1152 2127 tempora
1167 2060 1224 2114 Caii
1245 2057 1310 2112 iulii
1333 2056 1466 2122 Caesaris,
1488 2073 1549 2126 auae
1572 2068 1661 2113 taoicii
1682 2061 1784 2123 omnia,
1805 2069 1898 2126 utpote
1922 2060 2025 2114 millius
2047 2076 2109 2116 aero
2131 2071 2226 2115 nostro

608 2141 686 2190 usus,
707 2128 871 2194 perlibenter
885 2130 943 2182 suis
958 2129 984 2182 iii
1002 2129 1120 2184 tciicbiis
1134 2132 1225 2198 jacere
1240 2145 1300 2184 suiii
1314 2144 1421 2198 possus.
1436 2128 1533 2183 Postea
1545 2138 1658 2197 uicinae
1669 2131 1763 2192 codci,
1776 2130 1901 2184 videlicet
1914 2128 2056 2187 Caesareus
2075 2145 2109 2185 ac
2128 2128 2227 2184 Esten·

608 2196 662 2257 sis,
678 2197 735 2264 pari
753 2198 898 2251 concordia
923 2202 1019 2253 ireres
1038 2197 1225 2253 lioniauoriiiu
1252 2200 1447 2279 imperatorum
1477 2197 1571 2263 Vitas,
1597 2207 1680 2268 atque
1702 2199 1797 2256 iisdem
1819 2200 1926 2266 serbis,
1947 2202 2169 2270 complectuntur
2193 2199 2226 2254 ad

609 2282 712 2320 aunum
732 2282 819 2336 usaue
835 2269 914 2335 leiti,
928 2270 955 2322 in
971 2285 1051 2336 norm
1067 2269 1167 2323 desinit
1188 2268 1322 2323 Eiteiisis.
1340 2267 1403 2323 lieo
1423 2277 1515 2323 antem
1534 2270 1605 2324 inter
1625 2282 1673 2323 cos
1686 2268 1837 2326 differentia
1854 2270 2007 2334 intercedit,
2026 2273 2101 2340 quod
2123 2271 2226 2325 codicis

607 2334 732 2390 Esteiisis
746 2336 903 2393 Cliiiinicoo
918 2340 1013 2393 eodeni
1029 2339 1140 2405 saeida,
1155 2355 1210 2409 ipio
1227 2339 1357 2395 Sisardus
1372 2341 1470 2393 erinis
1483 2343 1611 2405 excessit,
1633 2339 1825 2409 interpolatum
1839 2350 1881 2395 cst
1895 2341 1930 2394 ab
1943 2356 2080 2412 anonymo
2093 2341 2225 2411 quodam,

608 2421 689 2475 ipreni
703 2409 791 2476 patria
810 2409 970 2479 Regieosciii
989 2420 1068 2478 piito;
1081 2410 1172 2478 aliqua
1188 2411 1261 2464 cniin
1277 2409 1468 2473 intermiscuit,
1491 2410 1613 2465 sabulosa
1630 2408 1708 2478 plene
1726 2417 1810 2479 atque
1828 2410 2017 2475 exsibilaiida;
2041 2427 2073 2466 ac
2096 2421 2226 2481 practer-ca

607 2480 731 2547 iiuaedaui
748 2483 781 2532 ad
796 2495 873 2546 reges
890 2479 1096 2548 Langobardos,
1114 2480 1204 2534 etalio
1219 2488 1357 2550 postremo
1371 2481 1431 2535 loco
1446 2480 1479 2533 ad
1493 2481 1629 2534 ciuitatem
1644 2478 1804 2550 Regiensem
1819 2480 1987 2549 spectantia,
2003 2497 2036 2536 ac
2051 2482 2225 2551 potissimum

608 2549 721 2602 nomina
739 2551 883 2605 consulum
910 2565 943 2603 ac
968 2559 1132 2619 potestatum
1159 2550 1233 2605 illius
1253 2549 1330 2605 urhis
1355 2549 1464 2619 adjecit.
1491 2549 1570 2618 Quod
1593 2552 1723 2620 pleraque
1745 2554 1802 2605 hec
1828 2551 2013 2605 additamenta
2036 2551 2226 2620 iirecidciiiu,

607 2620 736 2683 lectores,
752 2630 781 2674 iit
794 2632 870 2691 puin,
884 2621 964 2675 facile
981 2622 1048 2674 mihi
1072 2621 1233 2690 ignoscent,
1257 2619 1368 2690 putidas
1383 2621 1457 2675 enim
1482 2620 1588 2675 iahiilas
1609 2634 1691 2674 nemo
1714 2621 1773 2675 sani
1793 2621 1891 2690 capitis
1911 2629 1993 2676 amet.
2018 2621 2085 2688 Quae
2106 2636 2172 2676 iero
2193 2621 2225 2675 ad

608 2688 722 2774 Regium
735 2688 829 2760 Lepidi
843 2694 994 2760 pertinent,
1010 2691 1081 2744 inira
1095 2692 1156 2744 luco
1170 2706 1233 2757 suo,
1250 2694 1303 2746 hoc
1317 2700 1359 2745 est
1371 2690 1398 2744 iii
1409 2691 1495 2745 altero
1508 2690 1656 2757 Chronico,
1669 2706 1684 2744 a
1698 2706 1742 2747 mc
1753 2690 1849 2746 Lector
1860 2692 1984 2761 accipiet.

645 2760 699 2814 bed
713 2762 779 2815 illuit
797 2762 825 2816 in
847 2762 942 2832 priiiiis
959 2762 1230 2816 animadvertendum
1246 2771 1287 2815 cst
1304 2762 1331 2815 in
1345 2761 1398 2816 hoc
1411 2762 1568 2831 discrepare
1591 2763 1661 2815 iuter
1681 2777 1712 2816 se
1731 2763 1839 2817 codices
1853 2762 1931 2828 istos,
1951 2762 2023 2830 quod
2039 2761 2173 2816 nonnulla
2196 2762 2223 2815 iii

607 2830 733 2885 Atestioo
748 2832 938 2888 desiderentur
949 2847 1010 2901 qiiae
1026 2834 1052 2885 iii
1073 2830 1200 2887 Caesareo
1215 2841 1365 2886 occurrunt
1376 2847 1384 2896 ;
1397 2839 1425 2886 et
1439 2831 1561 2888 uicissim
1577 2831 1671 2886 baberi
1686 2833 1713 2885 in
1729 2831 1836 2887 Estcosi
1853 2834 1940 2886 oiulto
1958 2834 2036 2902 plura
2050 2848 2114 2903 quae
2125 2835 2225 2888 nunu

608 2902 636 2956 in
653 2902 781 2957 Caesareo
796 2903 932 2974 requiras.
948 2905 1039 2973 litque
1057 2903 1084 2957 id
1110 2903 1282 2971 potissimum
1299 2903 1449 2973 perspicias
1474 2902 1501 2955 iii
1527 2903 1563 2958 iis
1586 2918 1648 2972 qoae
1670 2901 1802 2957 Sicardus
1825 2901 1948 2958 Esiensis
1967 2914 2062 2958 narrat
2087 2906 2122 2959 de
2143 2903 2226 2973 gestis

609 2988 660 3027 suu
677 2982 800 3042 tciiipore
813 2975 840 3028 in
855 2973 994 3028 (liuentea
1012 2973 1222 3041 crucesignatis.
1246 2971 1312 3027 tiae
1328 2973 1457 3028 eumdem
1474 2972 1618 3031 Sicanium
1636 2974 1737 3027 hahere
1756 2984 1896 3026 auctorem
1917 2973 1965 3042 qui
1985 2973 2225 3044 peregrinantibus

610 3044 638 3097 in
653 3059 713 3097 eam
727 3045 865 3114 regionem
887 3059 948 3099 sese
969 3045 1142 3114 adjunxerat.
1162 3048 1195 3098 dt
1211 3045 1245 3099 iis
1259 3045 1293 3099 dc
1316 3044 1399 3100 rebus
1416 3047 1508 3132 iieypd
1522 3044 1633 3114 quidem
1647 3043 1837 3112 complectitur
1850 3043 1981 3098 Sicardus
1995 3042 2225 3098 vindobonensis.

610 3111 688 3168 Unde
704 3124 795 3168 nutem
807 3115 942 3169 effluxerit
959 3116 1155 3171 dissimilitudo
1167 3115 1219 3169 ista
1234 3115 1306 3169 inter
1320 3114 1442 3184 ejusdem
1463 3115 1592 3170 Chronici
1611 3115 1789 3183 exemplaria,
1812 3115 1835 3168 si
1857 3115 1922 3183 quis
1934 3125 2019 3183 petat,
2036 3115 2225 3182 conjecturam

608 3184 681 3238 banc
697 3200 784 3238 meam
801 3200 964 3255 responsum
982 3185 1092 3241 habeat.
1112 3183 1149 3240 iit
1163 3184 1234 3239 inira
1249 3186 1411 3250 edisseram,
1439 3186 1538 3256 duplex
1563 3184 1717 3239 Chroiiicon
1739 3193 1801 3254 post
1822 3199 1852 3240 so
1873 3184 1983 3254 reliquit
2004 3187 2145 3242 sicardus.
2170 3181 2227 3238 cu

609 3256 1323 3325 sareascoiiexuiuimtantuiiimodoaoniplectitui,
1342 3256 1424 3326 qualo
1443 3257 1477 3311 ab
1496 3256 1548 3310 hoc
1567 3265 1679 3311 auctore
1699 3269 1848 3325 procusum
1865 3265 1917 3319 est,
1946 3255 1998 3310 boc
2029 3263 2073 3310 est
2090 3255 2151 3309 sine
2172 3254 2227 3307 ullo

608 3340 723 3395 prorsus
738 3325 936 3382 additanieuto.
949 3327 1052 3382 Contra
1066 3325 1188 3382 Esteiisis
1208 3327 1311 3382 codicis
1333 3326 1460 3396 scriptor,
1481 3326 1582 3396 quippe
1602 3328 1661 3396 qui,
1679 3334 1709 3380 ut
1729 3325 1863 3394 conjicio.
1884 3340 1938 3379 non
1962 3324 2153 3382 amanuensis.
2180 3323 2227 3378 sed

608 3397 731 3450 auctoris
747 3397 861 3468 gloriam
876 3406 1092 3462 consectaretur,
1106 3397 1133 3451 in
1150 3412 1231 3453 usum
1245 3411 1339 3459 suum,
1360 3405 1459 3469 preter
1482 3411 1584 3465 paucas
1608 3398 1726 3451 aliorum
1749 3396 1899 3458 historias,
1918 3394 1983 3449 illud
2007 3397 2097 3464 ipsum
2119 3392 2226 3449 sicardi

607 3464 766 3522 chronicon
780 3482 906 3536 niagiiani
920 3478 1024 3538 partem
1041 3469 1068 3521 iii
1084 3483 1162 3523 suain
1183 3468 1287 3523 iniexit
1310 3468 1469 3531 llisioriam,
1484 3481 1517 3521 ac
1531 3477 1662 3537 promea
1674 3481 1706 3522 ex
1719 3467 1807 3522 altero
1822 3465 1945 3536 ejusdem
1960 3465 2099 3520 Chronico
2113 3464 2227 3520 lacinias

608 3537 714 3606 aliquot
727 3539 873 3607 decerpsit,
897 3552 1002 3609 suoque.
1017 3540 1094 3607 operi
1114 3539 1273 3594 immiscuit.
1296 3539 1335 3594 En
1356 3539 1438 3608 igitur
1454 3551 1540 3606 quire
1556 3538 1666 3593 uberior
1689 3537 1826 3591 interdum
1848 3551 1881 3590 ac
1900 3535 1983 3590 ditior
1997 3536 2126 3590 rideatur
2142 3535 2227 3589 histo-

608 3611 686 3661 ricus
701 3617 795 3662 noster
815 3609 844 3661 iii
864 3610 959 3664 codice
974 3609 1081 3664 Estensi
1095 3623 1178 3678 iiiiam
1193 3609 1221 3662 iii
1236 3611 1373 3665 Caesareo.
1388 3607 1447 3661 biii
1458 3608 1597 3676 geiniuum
1612 3607 1771 3662 Chronicon
1787 3607 1871 3662 videri
1892 3607 1958 3660 niihi
1973 3620 1988 3660 a
2006 3605 2123 3660 Sicardo
2141 3604 2226 3661 luisse

608 3678 817 3747 couscriptuiii3
834 3679 915 3747 hujus
928 3681 1000 3733 euim
1022 3680 1060 3734 rei
1086 3680 1214 3735 idoneum
1236 3689 1333 3736 testem
1356 3679 1468 3734 laudare
1488 3692 1601 3746 possum
1625 3676 1812 3733 Gualraneum
1835 3679 1870 3732 ile
1889 3677 1914 3730 ia
1929 3675 2052 3730 Flamma
2072 3690 2158 3744 supra
2173 3691 2227 3729 ine·

609 3757 758 3815 moratum,
774 3750 820 3818 qui
842 3751 952 3804 circiter
973 3766 1074 3804 annum
1091 3748 1195 3804 Christi
1218 3750 1287 3806 liti
1306 3749 1432 3815 florebat,
1447 3762 1481 3803 ac
1494 3745 1662 3816 lioiripaiam
1677 3746 1702 3802 F
1703 3747 1799 3812 loram,
1813 3748 1870 3802 sire
1882 3745 2094 3801 hlcdiolanensis
2108 3747 2228 3801 historie

609 3816 781 3874 Bicimihini
799 3821 992 3876 concinnabat.
1019 3818 1058 3873 lta
1076 3820 1121 3875 ille
1142 3823 1176 3875 ad
1198 3836 1302 3876 animm
1322 3821 1392 3876 itit
1405 3819 1500 3874 scribit
1516 3836 1523 3872 :
1540 3816 1597 3873 lsto
1616 3835 1685 3873 aiirro
1720 3817 1847 3872 Siaardiis
1868 3834 1882 3871 ι
1901 3819 2004 3886 isaopirs
2023 3817 2227 3880 Cremonensis,

609 3890 654 3958 piri
673 3889 781 3944 iliiraie
802 3901 826 3943 ιι
848 3889 1007 3946 Ciironicam
1047 3890 1233 3944 aiciierriniaui
1248 3893 1405 3961 coirpasait,
1425 3891 1454 3943 iii
1476 3888 1589 3942 homino
1602 3889 1726 3943 moritur.
1742 3886 1854 3943 Rectius
1876 3835 1986 3942 {risset
2001 3885 2195 3951 Gualranens,
2207 3886 2228 3940 si

609 3961 637 4015 iii
657 3962 868 4031 subsequentem
889 3977 991 4016 annum
1008 3907 1079 4016 lglb
1094 3961 1199 4017 sicardi
1214 3963 1319 4018 obitum
1340 3961 1490 4032 rejecisset.
1515 3959 1568 4014 Sed
1587 3961 1661 4030 qood
1677 3960 1965 4028 nuiioquaeiehamus,
1979 3958 2065 4022 vides,
2081 3956 2227 4038 sicardum

609 4032 665 4086 duo
678 4032 786 4087 diversa
808 4048 891 4102 opera
907 4034 1094 4098 contexuisse,
1108 4032 1221 4088 alterum
1239 4033 1377 4089 Chronica
1398 4045 1446 4087 seii
1461 4029 1586 4085 Chronici
1604 4030 1684 4084 titolo
1696 4029 1878 4094 distinctum
1898 4029 2014 4083 alierum
2035 4042 2103 4083 rcro
2121 4027 2228 4081 rtrum

610 4113 809 4171 nuncupatum.
836 4102 896 4158 lion
917 4104 1007 4157 miuus
1018 4103 1090 4157 istud
1103 4118 1187 4173 quam
1198 4105 1263 4159 iilud
1281 4104 1410 4159 historica
1423 4101 1509 4156 luisse
1524 4101 1709 4170 completum,
1720 4099 1788 4154 inihi
1803 4114 1934 4170 perquam
1948 4097 2100 4178 verisimile
2113 4108 2158 4152 est
2171 4098 2226 4166 (ti;

611 4181 669 4225 tuin
680 4173 754 4242 ipuod
770 4172 889 4239 llitrale,
906 4188 960 4228 nori
979 4175 1149 4243 poiitillcuin,
1164 4177 1213 4230 sed
1225 4177 1413 4244 imperatorum
1427 4170 1492 4227 alibi
1515 4187 1530 4226 a
1547 4170 1706 4227 Gualianeo
1723 4170 1895 4238 appoilatur,
1917 4180 1978 4249 turn·
1995 4177 2080 4222 etiam
2097 4169 2175 4237 quod
2195 4169 2227 4248 ab

609 4244 705 4298 eodem
722 4245 1011 4306 Gualianeollitraie,
1026 4261 1080 4298 nnn
1099 4259 1179 4300 secus
1191 4261 1225 4302 ac
1237 4247 1397 4310 Chroiiiroii,
1412 4251 1442 4298 ut
1458 4242 1529 4296 liber
1544 4242 1693 4298 historicus
1705 4243 1806 4297 citatur
1818 4251 1846 4296 at
1866 4256 1900 4294 ιιι
1915 4239 2071 4294 adhibetur.
2087 4237 2226 4292 Fortassis

611 4315 638 4366 iii
663 4330 719 4370 uno
735 4330 768 4369 et
791 4315 825 4370 iis
848 4317 926 4370 libris
952 4314 1025 4369 Vitas
1048 4316 1249 4388 imperatorem,
1264 4317 1292 4371 iii
1303 4317 1390 4371 altero
1402 4329 1467 4370 iiei‘o
1481 4310 1661 4367 Romanorum
1675 4311 1830 4381 pontificem
1846 4255 1948 4376 (litas,
1975 4317 2058 4378 atque
2083 4307 2227 4364 historiam

609 4386 786 4453 potissimum
799 4388 1016 4442 ecclesiasticam
1031 4385 1115 4441 luerit
1127 4397 1297 4456 persecutus.
2009 4449 2015 4462 ‚
2038 4449 2044 4461 ,

646 4454 740 4525 ltaque
755 4458 782 4510 iii
797 4458 903 4512 edendo
917 4458 968 4512 lioc
978 4469 1062 4526 opere
1073 4457 1232 4528 hujusmodi
1247 4461 1356 4513 ratione
1368 4471 1429 4513 sum
1445 4472 1522 4513 usus.
1538 4454 1665 4511 Dimissis
1675 4468 1738 4524 ouae
1754 4447 2225 4532 natis-itatem'Domuii'praeoedoni

610 4528 873 4597 utpotesupeiitois,
887 4528 992 4583 codicis
1008 4526 1132 4582 Esteods
1146 4537 1250 4585 textum
1266 4529 1389 4600 produco
1408 4527 1445 4584 ab
1468 4529 1529 4596 ejus
1550 4527 1665 4581 exordio
1685 4537 1772 4594 usque
1791 4522 1825 4577 ad
1836 4521 1937 4602 ¹Caroli
1962 4520 2053 4602 llagoi
2069 4534 2225 4600 imperium.

609 4596 774 4652 Commenta
788 4598 825 4653 ihi
842 4612 936 4666 sparsa
950 4606 1042 4668 atque,
1059 4608 1090 4653 ut
1105 4607 1181 4669 puto,
1196 4615 1213 4655 a
1231 4598 1358 4670 Regiensi
1378 4600 1602 4654 consarcinatore
1614 4597 1730 4667 adjecta,
1744 4592 1842 4649 sustuli
1855 4608 1864 4656 ;
1877 4592 1990 4669 reliquis
2005 4599 2099 4644 autern
2121 4591 2228 4644 addita·

611 4670 729 4731 meotis,
756 4670 780 4724 si
798 4684 852 4738 qua
871 4679 952 4736 sunt,
971 4671 1102 4739 peperci,
1119 4679 1169 4726 aut
1186 4672 1260 4741 quod
1276 4671 1390 4726 minime
1403 4668 1595 4724 ridebantura
1612 4666 1717 4721 Sicardi
1739 4665 1846 4719 calamo
1868 4662 1979 4726 aliena,
1999 4670 2048 4745 aut
2070 4660 2148 4730 quod
2174 4673 2226 4713 non

610 4738 720 4794 inutilia
733 4740 804 4795 scitii
820 4739 898 4795 duri.
914 4738 943 4795 ln
958 4741 1053 4795 eodem
1067 4737 1267 4797 aotein'codice
1287 4739 1394 4795 Esteiisi
1417 4754 1472 4794 ms.
1494 4754 1527 4794 ac
1544 4742 1754 4792 membranaceo
1775 4735 1893 4789 alterum
1910 4733 2071 4814 Chronicon
2084 4730 2225 4812 habetur,

611 4809 746 4873 haetenus
763 4810 897 4866 ineditum
914 4811 996 4881 cujus
1011 4815 1176 4866 mentionem
1191 4811 1243 4867 leci
1259 4812 1288 4865 iii
1304 4809 1465 4866 Pimlatione
1484 4809 1525 4864 ad'
1540 4807 1716 4864 Godelridum
1736 4805 1934 4864 vuuheiuein
1955 4805 2006 4877 (ὅ).
2027 4801 2226 4860 lituu-oodoni

611 4881 706 4948 accipe
722 4899 729 4934 ι
747 4879 1164 4950 lucipitLiberdrtemporibiss,
1179 4891 1205 4935 ιι
1220 4880 1450 4936 ascribentium
1466 4881 1648 4948 compendium
1665 4874 1803 4932 radiatam
1818 4895 1850 4932 ca
1864 4881 1947 4933 pariis
1964 4878 2114 4938 chronicis,
2138 4883 2165 4929 et
2184 4889 2227 4944 prr

611 4951 732 5003 ordinent
745 4952 875 5022 digestam
893 4952 925 5006 de
944 4950 1115 5020 torporibus,
1135 4953 1164 5004 iii
1179 4950 1274 5021 quibos
1287 4953 1411 5005 sederant
1426 4953 1489 5004 certi
1510 4951 1647 5019 pontifices
1658 4947 1781 5015 horiani,
1796 4959 1821 5003 ιι
1834 4950 2004 5017 imperatores
2021 4947 2225 5016 inipcraiisrioit,

612 5035 684 5090 repes
697 5031 881 5090 reperierant,
892 5021 1015 5076 sederunt
1025 5020 1118 5092 Repirii
1132 5023 1279 5091 pontifices,
1294 5021 1413 5076 consoles
1423 5029 1449 5075 ιι
1462 5029 1615 5089 potestates.
1627 5017 1768 5074 Ciiitaiem
1785 5018 1913 5089 chiriam
1927 5025 2061 5083 reserarit,
2077 5026 2133 5071 ete.
2146 5029 2226 5084 quani

611 5099 779 5160 postremam
796 5102 913 5161 partem,
928 5093 1002 5147 hunc
1014 5094 1122 5147 titolum
1138 5091 1326 5162 praeierciiteni
1350 5090 1684 5214 lirmoriuielpetestatiim
1703 5088 1882 5160 llepieiiiiam,
1896 5099 1927 5142 ut
1940 5103 2027 5159 nuper
2044 5101 2106 5142 sum
2122 5085 2227 5156 pollici-

612 5169 668 5222 tos,
681 5163 761 5216 edere
775 5176 827 5217 suo
843 5164 902 5218 loco
918 5164 1059 5219 constitui.
1074 5162 1224 5217 Exordium
1237 5172 1329 5216 autem
1345 5161 1422 5217 ducit
1436 5161 1494 5216 haec
1543 5162 1627 5216 storia
1644 5161 1678 5215 ah
1691 5173 1753 5213 oriii
1773 5158 1892 5224 Christi,
1911 5157 2010 5214 eslere
2026 5165 2227 5239 totanrerst'tiir

553 5239 556 5243 ’
613 5232 641 5284 in
657 5230 725 5286 l'itis
738 5232 926 5288 homanorum
942 5236 1114 5302 pontilicum,
1129 5249 1199 5303 quas
1210 5242 1302 5287 tamen
1318 5233 1428 5287 casdem
1451 5246 1512 5286 esse
1533 5232 1700 5300 deprehendi
1718 5245 1750 5284 ac
1773 5229 1888 5299 vulgatae
1905 5229 1957 5284 suh
1969 5229 2109 5282 Anastasis
2124 5224 2226 5280 lliliho·

611 5302 727 5357 thecaiii
744 5307 865 5371 nonime,
888 5304 936 5359 sed
960 5304 1120 5374 plerumque
1135 5306 1282 5360 breviatas.
1300 5301 1330 5357 hi
1351 5317 1400 5357 ora
1418 5301 1523 5357 codicis
1537 5301 1668 5356 historica
1688 5298 1813 5369 quaedam
1828 5300 2014 5353 additamenta
2032 5303 2222 5380 'apponiiutaa

611 5371 646 5425 ad
662 5385 811 5446 iiiariyruoi
824 5376 960 5445 praecipue
971 5374 1143 5443 aliorumque
1158 5386 1316 5428 sanctorum
1333 5371 1493 5428 memoriam
1509 5375 1684 5435 seruandam,
1698 5373 1769 5423 inter
1783 5383 1845 5437 que
1859 5368 1990 5424 nonnulla
2003 5367 2072 5448 milii
2082 5381 2099 5419 e
2110 5362 2224 5444 eicardo

611 5444 756 5514 desumpta
776 5444 862 5500 luisse
887 5446 1059 5500 ridebantur.
1082 5444 1148 5499 licio
1165 5461 1222 5500 uiiu
1236 5445 1527 5513 exemploosteiidaui.
1544 5442 1584 5495 tid
1606 5441 1694 5495 Vitam
1712 5437 1850 5494 llamasil
1871 5454 1948 5509 papie
1971 5438 2029 5491 baec
2053 5451 2081 5489 iii
2105 5452 2154 5490 iiia
2196 5448 2226 5485 ne

612 5515 779 5582 ailjiciuiitui·
792 5533 799 5569 ε
813 5515 864 5570 llis
878 5516 1037 5584 temporibus
1054 5515 1165 5571 dammi
1181 5532 1268 5586 papie,
1289 5513 1475 5568 Valentiniano
1495 5524 1520 5566 ιι
1544 5511 1651 5566 Valriitc
1669 5508 1893 5579 imperatoribus,
1910 5523 1982 5589 arno
1997 5504 2112 5562 secanda
2134 5504 2151 5557 l
2214 5528 2224 5540 ·

613 5586 722 5649 tiniani,
747 5587 890 5653 bonseias,
905 5598 930 5641 ιι
952 5590 1105 5656 paulopost
1125 5586 1238 5641 Ursinus
1251 5587 1381 5640 diaconiis
1402 5583 1493 5638 Roma
1514 5584 1620 5653 [serant
1637 5581 1769 5650 episcopi,·
1783 5581 1828 5631 sed
1853 5580 1992 5659 proeaoiait
2009 5578 2155 5660 dertosae.
2166 5571 2225 5655 ‘tue

613 5654 751 5710 doniiiairit
764 5656 910 5720 Liberium,
928 5667 952 5711 ιι
967 5656 1115 5710 aniraiiaoii
1132 5673 1209 5711 omne
1224 5657 1294 5720 asad
1310 5656 1418 5725 iecerat.
1435 5655 1512 5707 dorio
1531 5671 1546 5707 r
1570 5651 1749 5707 Valentiniani
1774 5648 1897 5702 Hilarius
1913 5647 2088 5730 Pictaorenrta
2104 5653 2222 5728 morttsr.

611 5725 689 5778 dimo
704 5742 752 5793 iiii,
767 5729 896 5783 Eusebius
915 5728 1082 5783 i'eraeilensis
1099 5730 1222 5782 aroritur.
1239 5730 1313 5780 dirus
1333 5742 1372 5790 iii,
1387 5724 1562 5790 Ambrosias,
1588 5740 1647 5776 cam
1665 5731 1731 5776 essct
1747 5720 1967 5783 catechumenus,
1983 5715 2223 5798 uariatum-au-
2269 5748 2271 5757 ·

612 5800 760 5850 cerdatiinii
777 5801 940 5866 postulatas,
956 5800 1139 5865 uiuitipiiciter
1153 5801 1300 5869 papicum
1321 5794 1505 5850 Valentiniano
1527 5796 1625 5864 tepitur
1651 5792 1784 5872 audiuisse
1808 5807 1817 5839 ι
1842 5788 1906 5842 Noli
1932 5791 2039 5848 timere.
2057 5801 2124 5857 potii
2149 5783 2223 5842 bris,
2269 5832 2271 5837 ,

612 5868 658 5934 piri
668 5867 745 5938 clepit
759 5879 793 5932 te,
815 5873 870 5940 ipse
893 5880 917 5923 ιι
935 5871 1092 5939 adjurabit3
1108 5879 1134 5922 ιι
1155 5886 1202 5939 epo
1216 5871 1326 5939 adjutor
1347 5878 1372 5921 ιι
1396 5866 1518 5935 defensor
1542 5876 1602 5918 tiras
1621 5878 1722 5932 semper
1735 5873 1859 5914 cristam.
1878 5879 1887 5910 i
1904 5858 1969 5913 Post
1984 5859 2040 5912 hor
2059 5861 2223 5912 mosterolo!

612 5938 759 6009 episcopm.
777 5941 818 5995 lia
832 5952 894 5996 taor
908 5938 992 5994 liuha
1006 5940 1042 5993 ad
1062 5940 1140 6010 pidem
1153 5942 1326 6003 coniertitrir,
1349 5949 1374 5992 ιι
1395 5936 1575 6007 Aquileienses
1592 5933 1681 5988 clerici
1696 5933 1775 6003 quasi
1795 5931 1889 5984 charos
1910 5936 2076 5997 sanctorem,
2087 5926 2220 5981 imarii.

649 6063 688 6129 iti
701 6058 765 6116 Post
777 6060 881 6116 edituri
893 6076 976 6130 supra
990 6059 1096 6116 sicardi
1115 6057 1232 6121 liitrair,
1245 6057 1426 6113 iluratorium
1441 6057 1485 6111 liic
1499 6053 1612 6110 omniuo
1626 6021 1725 6108 laisum
1741 6065 1802 6107 esse
1817 6064 1899 6105 nemo
1914 6061 1968 6103 nori
1981 6044 2065 6102 ridet.
2078 6041 2160 6100 sair.
2268 6049 2271 6087 ι

649 6133 688 6203 (ὁ)
706 6128 770 6187 lide
783 6131 943 6203 l’atrulopia·
959 6142 1024 6187 tom.
1039 6130 1176 6187 uici'ttt.
2263 6145 2270 6165 ’
