5125 7059
619 674 671 729 559
1129 669 1232 726 esunt
1253 670 1377 727 l’ALUS
1393 666 1532 726 CERNAii
1551 665 1705 725 boxrtcllt
2186 669 2239 726 seo

618 794 731 852 rrrrrndas
750 795 857 850 abirnas
877 794 985 864 linguas
1008 801 1121 860 acuunt,
1143 806 1239 848 rerum
1264 790 1347 848 edam
1369 792 1403 845 ad
1419 796 1440 852 Α
1455 787 1551 844 bribus
1567 786 1681 844 monitis
1699 794 1727 841 et
1742 784 1880 843 mandatis
1893 786 2039 842 efficaciter
2056 784 2239 849 intendentes,

616 887 752 960 perdenda
767 900 884 955 corpora
896 900 995 941 manus
1010 883 1161 939 ostendunt
1179 882 1330 953 prolisores
1340 881 1402 936 aui·
1453 892 1584 952 tanquam
1596 879 1778 936 strenuissimi
1791 879 1994 934 commilitones
2008 880 2139 934 assistent
2149 877 2239 932 eidem

615 993 722 1035 marum
735 977 832 1043 effecti,
846 986 1036 1048 etcorporum
1049 983 1247 1046 peremptores.
1263 972 1340 1030 Licet
1353 988 1404 1028 su·
1454 975 1481 1029 in
1495 972 1635 1039 onrnibos,
1648 979 1834 1043 quapropter
1849 972 1907 1027 baec
1923 971 1992 1041 ipsis
2005 969 2135 1026 duxerint
2146 969 2240 1039 injun-

614 1081 669 1129 tcrn
685 1069 920 1142 praefatnscornes
937 1083 986 1139 pro
1003 1067 1098 1125 multis
1112 1075 1140 1122 et
1159 1065 1268 1138 magnis
1281 1063 1402 1135 flagitiis,
1452 1065 1551 1137 genda,
1572 1064 1690 1121 scientes
1714 1064 1787 1134 quod
1813 1065 1975 1120 serrtentiam
1999 1079 2082 1135 quaro
2109 1063 2161 1134 ipsi
2183 1077 2239 1117 non

614 1180 677 1236 quae
694 1163 804 1232 longum
820 1169 953 1232 essetper
975 1160 1070 1215 omnia
1083 1174 1228 1225 enarrare,
1238 1157 1402 1230 jamdudum
1452 1159 1540 1215 solum
1557 1159 1585 1214 in
1601 1159 1727 1226 rebelles,
1742 1159 1886 1215 sedetiam
1903 1160 1929 1214 in
1943 1157 2052 1215 desides
2075 1156 2238 1229 promulga-

614 1259 651 1312 sit
678 1254 862 1310 anathematis
888 1269 1020 1310 mucrone
1043 1267 1203 1324 percussus,
1228 1250 1295 1322 qnia
1310 1262 1402 1306 tamen
1451 1253 1553 1320 verint,
1572 1267 1624 1308 nos
1645 1261 1732 1308 ratem
1755 1252 1849 1308 lrnlreri
1865 1251 2039 1322 praecipimus
2052 1258 2080 1307 et
2094 1248 2240 1305 inuiolabi-

613 1347 696 1402 certis
712 1345 831 1410 indiciis,
849 1345 947 1408 mortis
965 1345 1052 1401 sancti
1075 1344 1128 1400 siri
1151 1344 1328 1415 presumitur
1340 1358 1403 1399 esse
1452 1346 1514 1402 liter
1524 1346 1676 1404 obseruari.
1691 1347 1738 1401 Eia
1755 1347 1839 1417 igitur
1852 1343 1954 1400 Cirristi
1966 1344 2078 1410 milites,
2098 1343 2140 1399 eia
2166 1351 2238 1398 stre·

612 1452 689 1500 reus,
706 1451 760 1491 nou
779 1436 867 1490 solum
880 1451 913 1491 ex
935 1451 969 1491 eo
989 1434 1064 1507 quod
1085 1434 1194 1507 publice
1217 1436 1402 1492 comminatus
1451 1440 1499 1496 nui
1513 1438 1617 1496 militias
1629 1439 1794 1495 Christianae
1808 1439 1922 1504 tirones,
1935 1446 2044 1492 moreat
2057 1451 2106 1492 rus
2121 1450 2238 1508 genera·

612 1535 656 1583 est
670 1528 694 1583 ei
717 1537 834 1583 mortem
851 1537 879 1582 et
897 1528 1011 1585 insidias
1036 1528 1143 1599 pararit
1170 1528 1270 1597 eidem,
1305 1545 1401 1585 rerum
1450 1532 1485 1588 lis
1500 1531 1628 1588 Ecclesia
1640 1531 1775 1604 gentitus;
1792 1531 1941 1587 succendat
1953 1545 2003 1586 ros
2018 1531 2052 1586 ad
2067 1537 2172 1585 tantarn
2190 1527 2236 1584 bet

612 1619 695 1675 ctiam
713 1634 747 1675 ex
761 1635 795 1674 co
811 1620 883 1691 quod
904 1619 1056 1676 occisorem
1079 1620 1165 1692 ipsius
1182 1621 1209 1676 in
1231 1622 1345 1677 nrnlmm
1360 1621 1401 1677 fa·
1450 1627 1538 1683 nostri
1552 1625 1742 1682 uindicandam
1757 1623 1886 1696 iniuriam
1899 1624 1962 1695 pios
1974 1624 2059 1679 aelus.
2073 1621 2238 1677 Mementote

612 1711 800 1767 aniliaritatem
813 1712 933 1776 ammisit,
948 1721 976 1767 et
987 1713 1095 1784 magnis
1110 1713 1191 1770 donis
1214 1716 1402 1772 rernunerarit
1449 1719 1514 1787 quia
1528 1717 1641 1774 Creator
1666 1725 1760 1774 noster
1784 1716 1870 1771 nostri
1893 1731 1948 1771 nun
1964 1715 2090 1786 indiguit,
2106 1729 2171 1769 curn
2186 1727 2236 1768 nos

611 1806 750 1871 eumdem,
766 1814 796 1860 ιιι
809 1805 843 1859 de
858 1806 964 1861 cortens
977 1807 1237 1877 presumptionibus
1248 1817 1400 1876 necamus,
1449 1807 1514 1865 fecit
1530 1829 1537 1865 :
1553 1809 1612 1881 qui,
1625 1825 1784 1880 quanquam
1799 1817 1895 1865 nostro
1910 1806 2022 1862 servitio
2037 1820 2092 1861 nou
2105 1804 2234 1874 indigeat,

611 1913 673 1967 qnae
686 1897 793 1967 plenius
812 1897 989 1953 innotescunt
1010 1897 1116 1953 maritis.
1134 1896 1176 1953 Ob
1196 1897 1268 1956 hanc
1290 1915 1401 1972 quoque
1449 1913 1480 1960 ut
1494 1907 1573 1976 quasi
1588 1921 1635 1976 per
1652 1905 1719 1960 iilud
1741 1905 1833 1960 minus
1853 1904 1881 1960 in
1903 1901 2010 1975 agendo
2025 1902 2119 1957 minus
2141 1899 2236 1955 roirre·

611 2007 735 2058 causam,
757 1992 838 2047 iidem
867 1991 1067 2061 archiepiscopi
1092 2000 1121 2047 et
1144 1992 1268 2064 episcopi
1291 1993 1400 2064 publice
1449 2001 1505 2053 rint
1520 1996 1659 2068 fatigetur,
1673 2007 1701 2052 ct
1723 2011 1773 2052 sua
1789 1995 1988 2066 omnipotentia
2003 1993 2094 2049 minor
2106 1991 2142 2047 sit
2155 1991 2237 2046 obsc-

611 2084 738 2138 nunticnt
751 2081 1013 2138 anathematizatum
1024 2082 1164 2139 eumtlern.
1181 2082 1216 2139 Et
1235 2098 1298 2140 eum
1317 2084 1398 2155 juxta
1448 2089 1514 2161 quio
1527 2097 1622 2144 nostro
1641 2104 1749 2157 carens,
1764 2089 1937 2144 occasionem
1955 2084 2088 2142 tamenin
2104 2081 2238 2140 bocarti·

610 2184 771 2235 sanctorum
798 2172 911 2230 Patrum
937 2175 1086 2230 canonicas
1116 2175 1285 2244 sanctiones,
1300 2177 1326 2232 ei
1350 2179 1398 2248 qui
1413 2162 1435 2217 Β
1449 2180 1511 2236 culo
1527 2179 1606 2236 nobis
1618 2179 1713 2235 tribuit
1725 2179 1929 2248 acceptabiliter
1941 2176 2087 2235 serviendi.
2099 2175 2170 2232 Cum
2182 2174 2235 2245 igi·

610 2267 690 2322 lidern
717 2265 773 2322 lico
791 2282 846 2322 nou
870 2276 972 2334 serrat,
987 2267 1055 2322 lldes
1081 2267 1213 2322 seruanda
1238 2283 1295 2324 uon
1319 2270 1397 2334 sit,a
1448 2282 1493 2328 tur
1507 2282 1570 2343 post
1585 2271 1801 2328 interfectionem
1815 2270 1921 2342 prefati
1940 2269 2017 2342 justi,
2037 2267 2160 2326 Ecclesia
2173 2282 2235 2338 qun

609 2360 802 2414 communione
817 2359 937 2413 frdelium
953 2369 1105 2431 segregato,
1123 2369 1217 2431 utpote
1236 2362 1285 2432 qui
1305 2362 1397 2418 sitan·
1448 2361 1475 2415 fn
1489 2362 1613 2434 partibus
1634 2362 1690 2419 illis
1708 2371 1761 2430 cst,
1775 2363 1879 2434 absque
1892 2360 2067 2417 consolatore
2079 2359 2107 2414 in
2120 2357 2233 2414 tristitia

608 2449 662 2504 rius
676 2457 719 2504 est
735 2448 827 2519 potius
855 2463 937 2521 quarn
964 2446 1108 2516 fouendus,
1125 2464 1224 2506 omnes
1249 2450 1297 2522 qui
1322 2451 1398 2508 dieto
1446 2463 1475 2510 et
1495 2470 1613 2512 moerore
1635 2454 1756 2522 uderrte,
1776 2453 1844 2510 fides
1863 2452 2020 2518 cucurrisse,
2034 2450 2150 2522 periisse
2168 2464 2233 2520 pas,

608 2541 702 2596 comiti
717 2540 856 2597 fidelitatis
869 2556 917 2597 seu
934 2541 1085 2607 societatis,
1101 2550 1149 2596 arrt
1164 2541 1277 2599 frodonis
1299 2542 1398 2614 hujus·
1447 2547 1575 2604 baeretica
1589 2549 1673 2619 pestis
1693 2557 1721 2603 et
1736 2547 1844 2603 lrostilis
1867 2546 1959 2602 rabies
1973 2543 2071 2599 fortius
2086 2542 2235 2598 invaluisse

607 2636 715 2692 semodi
728 2636 885 2706 juramento
900 2635 1397 2707 tenenturastricti,auctoritateapo-
1446 2638 1565 2706 dicatur,
1585 2652 1618 2694 ae
1644 2638 1667 2693 si
1691 2647 1816 2708 potenter
1831 2637 1859 2692 in
1883 2637 1943 2708 ejus
1963 2636 2086 2691 nouitate
2108 2632 2234 2703 procelle

608 2728 703 2785 stolica
719 2727 879 2783 denuntient
894 2726 1001 2782 interint
1017 2727 1169 2792 absolutos,
1184 2737 1211 2783 et
1225 2728 1339 2785 cuilibet
1350 2744 1396 2784 ca-
1447 2744 1502 2783 non
1515 2737 1694 2785 succurratur
1706 2728 1807 2795 cidem,
1822 2741 1891 2799 pene
1910 2728 2019 2797 penitus
2034 2724 2171 2780 ridebitur
2182 2738 2233 2778 na·

608 2822 711 2877 tlrolico
739 2820 798 2876 ciro
823 2819 916 2886 licere,
929 2819 1006 2876 saluo
1022 2819 1085 2891 jure
1111 2820 1224 2876 domiuo
1238 2820 1395 2892 principaii,
1446 2821 1488 2877 ris
1501 2820 1629 2878 Ecclesixe
1641 2819 1810 2894 naufragari,
1826 2820 2031 2877 uniuersitatem
2042 2827 2164 2875 restem
2173 2833 2234 2873 rno-

607 2928 662 2968 non
689 2911 778 2968 solum
804 2912 932 2982 persequi
959 2925 1105 2982 personam
1133 2912 1271 2983 ejusdem,
1297 2928 1395 2972 rerunt
1446 2929 1544 2968 nemus
1557 2915 1688 2971 attentius
1711 2925 1739 2970 et
1760 2913 1924 2985 propensius
1945 2912 2136 2978 exhortamur,
2151 2925 2185 2966 sc
2206 2911 2232 2966 in

607 3005 689 3059 etiam
714 3018 850 3075 occupare
875 3013 902 3059 et
930 3003 1055 3060 detinere
1078 3013 1180 3060 terram
1205 3005 1303 3076 ipsius,
1321 3007 1396 3064 illius
1445 3009 1714 3066 far.conecessitat1s
1735 3010 1851 3065 articulo
1866 3008 1894 3065 in
1913 3008 2011 3063 uirtute
2030 3006 2133 3062 Christi
2147 3007 2234 3063 senil*

607 3095 758 3165 presertim
773 3096 899 3162 obtentu,
912 3097 987 3166 qnod
1002 3095 1038 3151 ab
1054 3096 1150 3153 baeresi
1170 3110 1219 3168 per
1235 3112 1315 3152 suum
1328 3114 1395 3170 pru·
1444 3100 1542 3158 denter
1552 3101 1732 3172 injungimus,
1749 3111 1776 3156 et
1791 3102 1818 3155 in
1836 3101 2026 3156 remissionem
2041 3098 2232 3169 peccaminum

606 3187 725 3242 dentiam
740 3186 846 3243 fortiter
857 3187 991 3256 expietur,
1012 3203 1075 3258 quae
1085 3187 1221 3258 petillius
1242 3189 1394 3260 nequitiam
1444 3194 1627 3266 indulgemus,
1638 3193 1866 3264 quatenustantis
1875 3191 2170 3246 malisoccurrerenon
2181 3200 2234 3245 tar·

607 3281 658 3336 fuit
674 3279 806 3335 haetenus
820 3280 936 3350 turpiter
946 3280 1081 3347 sauciata,
1094 3281 1241 3338 maculata.
1443 3286 1525 3354 detis,
1540 3295 1568 3343 et
1583 3287 1617 3342 ad
1632 3285 1831 3356 pacificandum
1846 3293 1939 3356 gentes
1953 3285 2024 3352 illas,
2037 3285 2065 3339 in
2080 3299 2114 3339 eo
2127 3283 2176 3355 qui
2188 3292 2232 3338 est

641 3372 710 3440 Quin
725 3372 836 3444 dignum
850 3382 892 3428 est
905 3383 931 3428 ut
944 3388 1044 3429 uranus
1056 3374 1179 3429 omnium
1193 3384 1290 3431 contra
1302 3377 1393 3445 ipsum
1444 3377 1517 3435 [icus
1534 3379 1609 3450 pacis
1629 3387 1656 3434 et
1672 3378 1826 3434 dilectionis
1850 3377 1989 3432 intendere
2011 3376 2164 3446 procuretis
2180 3392 2189 3431 a
2205 3383 2232 3429 et

606 3473 795 3535 torrsnrgant,
813 3463 893 3533 eujus
911 3478 1011 3520 manus
1035 3464 1141 3522 exstitit
1166 3474 1262 3522 contra
1285 3481 1392 3524 omnes.
1406 3507 1429 3565 c
1444 3471 1653 3542 quibuscunque
1667 3470 1755 3526 modis
1775 3469 1936 3525 revelaverit
1948 3468 2027 3523 robis
2045 3467 2129 3534 bens,
2145 3467 2231 3522 baere-

606 3561 724 3630 Quodsi
741 3576 791 3616 uec
803 3562 844 3617 sic
858 3561 968 3616 assatio
980 3560 1085 3617 dederit
1097 3558 1275 3627 intellectum,
1292 3578 1394 3620 manus
1444 3566 1527 3622 tiearn
1549 3565 1586 3619 ibi
1613 3563 1745 3620 studeatis
1769 3564 1911 3634 perfidiam
1936 3561 2057 3625 abolere,
2080 3569 2231 3616 sectatores

608 3665 716 3712 nostras
740 3656 767 3710 in
786 3669 820 3710 eo
835 3653 994 3710 curabimus
1008 3669 1167 3727 aggravare.
1184 3652 1214 3710 Si
1235 3670 1292 3726 quo
1311 3655 1393 3712 modo
1444 3658 1531 3730 ipsius
1553 3671 1587 3713 co
1613 3671 1697 3728 quam
1725 3655 1878 3711 Saracenos
1901 3653 2099 3722 securiusque
2122 3651 2231 3722 peiores

606 3765 670 3805 uero
682 3748 893 3806 satisfactionem
904 3749 1061 3820 promiserit
1072 3748 1213 3817 exbibete,
1227 3748 1318 3821 ipsurn
1331 3766 1391 3821 poe-
1443 3750 1573 3808 suntillis
1589 3749 1617 3805 in
1632 3764 1715 3805 manu
1733 3747 1797 3804 forti
1820 3757 1849 3803 et
1870 3754 1982 3802 extento
2007 3743 2120 3800 bracbio
2137 3744 2230 3814 impu·

606 3842 739 3898 nitudinis
752 3857 809 3897 suae
825 3841 882 3896 haec
904 3841 982 3912 signa
1008 3840 1175 3911 praemittere
1196 3844 1344 3913 oportebit,
1364 3856 1395 3900 ut
1442 3842 1563 3915 guando.
1578 3841 1810 3898 Praenonrinatum
1825 3839 1909 3894 etianr
1924 3838 2064 3899 comitem,
2079 3835 2128 3908 qni
2148 3835 2228 3906 quasi

604 3935 709 3989 detoto
725 3948 807 4005 posse
825 3931 1005 4003 suodepellat
1023 3933 1167 4003 prauitatis
1189 3933 1326 3992 lraereticre
1350 3953 1393 3993 se-
1442 3935 1534 3992 foedus
1547 3933 1729 4006 percussisset
1740 3947 1802 3987 cunr
1826 3931 1920 3985 eadem
1945 3938 2033 3984 morte
2047 3927 2158 4001 pzopria
2173 3940 2228 3982 nou

603 4033 735 4091 statores,
748 4033 776 4080 ct
788 4040 817 4080 se
828 4025 888 4095 paci
899 4034 1003 4095 satagat
1015 4024 1163 4082 conciliare
1176 4025 1314 4096 fraternae,
1328 4046 1392 4087 cunr
1442 4029 1574 4101 recogitat
1600 4026 1671 4098 (lau.
1687 4024 1795 4095 rastri),
1809 4025 1832 4081 si
1852 4022 1923 4079 forte
1936 4022 2045 4078 scsatio
2058 4022 2111 4077 sibi
2126 4023 2229 4078 tribuat

604 4118 793 4191 principaliter
805 4126 915 4187 propter
936 4118 1139 4188 culpamquam
1159 4118 1187 4174 in
1204 4127 1320 4191 utroque
1339 4137 1391 4177 uo·
1442 4123 1620 4188 intellectum,
1634 4129 1662 4176 ct
1683 4118 1794 4191 impleta
1808 4117 1892 4173 facies
1903 4117 1964 4188 ejus
1983 4115 2133 4187 ignominia
2156 4115 2227 4172 ioci·

603 4209 691 4265 scitur
707 4207 889 4273 commisisse,
907 4207 935 4262 in
949 4223 1012 4263 eum
1026 4208 1214 4266 ecclesiastica
1226 4208 1311 4266 fuerit
1324 4226 1390 4282 pro·
1441 4211 1500 4283 piat
1512 4211 1651 4281 inquirere
1665 4222 1765 4264 nomen
1784 4207 1830 4264 [lei
1844 4208 1880 4263 ad
1901 4205 2127 4263 satisfaciendum
2146 4207 2228 4263 omnis

605 4301 658 4356 iata
685 4314 820 4365 censura;
848 4313 1006 4370 quanquam
1032 4299 1056 4355 si
1084 4299 1112 4354 in
1140 4315 1206 4356 suas
1232 4300 1391 4373 iniquitates
1440 4312 1469 4360 et
1483 4300 1621 4369 Ecclesiae,
1634 4300 1692 4355 irno
1704 4298 1771 4366 beo,
1787 4299 1908 4371 pondere
1922 4314 1978 4356 noo
1990 4297 2124 4355 desinatis
2144 4297 2227 4354 intlu-

605 4392 676 4449 lieus
688 4391 804 4448 uoluerit
821 4390 978 4458 obseruare,
995 4392 1042 4445 vix
1055 4401 1148 4462 posset
1166 4406 1287 4463 congrue
1308 4393 1390 4448 satis·
1440 4405 1583 4465 estsuper
1595 4409 1660 4449 eum
1673 4390 1860 4462 oppressionis
1871 4406 1968 4463 urgere
1987 4391 2078 4461 ipsum
2091 4397 2121 4447 ct
2133 4388 2226 4446 faum-

605 4487 695 4542 facere
709 4500 764 4539 non
780 4482 969 4539 tantummodo
993 4498 1044 4554 pro
1070 4483 1171 4554 seipso,
1196 4485 1245 4540 setl
1264 4500 1317 4557 pro
1336 4486 1389 4542 slis
1441 4503 1486 4543 res
1496 4487 1618 4558 ejusdem
1632 4485 1666 4540 de
1680 4484 1780 4541 castris
1793 4483 1902 4539 bomini
1918 4483 2087 4554 depellendo,
2101 4492 2130 4539 et
2150 4481 2226 4539 aufe·

605 4579 790 4644 multitudine,
803 4592 886 4647 quam
898 4576 925 4631 in
937 4574 1065 4646 laqueum
1077 4574 1262 4632 damnationis
1272 4577 1389 4633 induxit.
1440 4582 1526 4636 rende
1540 4587 1627 4636 terras
1639 4592 1734 4634 eorum
1757 4577 1786 4632 in
1807 4577 1908 4648 quibus
1931 4558 2058 4648 relegatis
2078 4576 2225 4646 hereticis,

603 4669 674 4741 Quia
685 4686 751 4728 uero
759 4669 910 4727 secundum
935 4668 1097 4725 seutentiam
1123 4666 1255 4725 Veritatis
1276 4668 1390 4726 timendi
1440 4672 1607 4730 babitatores
1620 4671 1755 4729 Catbolici
1772 4672 1965 4743 subrogentur,
1987 4671 2034 4740 qui
2053 4669 2160 4726 scilieet
2179 4687 2225 4728 or·

603 4784 658 4823 raon
673 4775 737 4823 sunt
750 4766 796 4836 qui
811 4779 911 4834 corpus
932 4763 1071 4831 occidunt,
1086 4762 1135 4819 sed
1160 4763 1207 4819 ille
1229 4763 1278 4834 qui
1300 4774 1391 4835 potest
1441 4765 1567 4822 diodoro
1589 4765 1650 4821 ridel
1675 4773 1775 4822 nostrae
1793 4764 1965 4836 disciplinam
1988 4763 2016 4818 iu
2033 4760 2180 4820 sanctitate
2200 4772 2226 4819 st

603 4862 710 4917 mittere
722 4874 823 4930 corpus
836 4868 863 4914 et
877 4857 997 4913 animam
1015 4857 1043 4912 in
1058 4856 1211 4928 gebennam
1233 4854 1310 4928 (tec.
1324 4856 1385 4927 xrs),
1402 4858 1541 4930 bjostitia
1556 4858 1676 4915 serviant
1690 4873 1783 4915 eoram
1799 4856 1854 4913 beo
1872 4855 1949 4928 (Lac.
1962 4857 1993 4926 ι).

602 4951 765 5006 confidimus
780 4957 808 5004 ct
827 4961 971 5017 speramus
986 4945 1014 5000 iu
1036 4960 1070 5001 eo
1091 4943 1151 5016 qui,
1167 4953 1197 4999 ut
1221 4959 1238 4999 a
1261 4943 1387 5001 fidelibus
1473 4971 1572 5029 gamm
1593 4972 1736 5038 galerani,
1761 4988 1788 5027 qq
1812 4970 1851 5027 qq,
1875 4969 1984 5038 Μῃηῑῑ,
2010 4968 2110 5042 pontif.
2138 4971 2225 5026 nostri

603 5042 661 5098 suis
674 5042 798 5096 timorem
815 5039 912 5094 mortis
933 5036 1065 5105 auferret,
1083 5046 1210 5093 mortuus
1235 5035 1280 5092 die
1308 5037 1386 5093 tertia
1437 5081 1504 5122 ,mh
1519 5080 1549 5120 n·

601 5132 754 5191 resurrexit
781 5129 859 5202 (Lac.
884 5130 972 5198 xxxv),
992 5129 1068 5200 quod
1082 5126 1187 5199 praefati
1202 5129 1322 5184 bominis
1338 5129 1387 5187 liei

601 5242 686 5293 ruors,
701 5224 850 5281 venerabili
865 5222 944 5279 fratri
958 5231 1054 5279 nostro
1065 5218 1270 5277 consoranensi
1280 5221 1387 5293 episco-

601 5336 637 5390 po
650 5327 678 5374 et
691 5317 791 5373 dilecto
807 5316 864 5370 lilio
879 5315 911 5371 ll.
925 5315 1016 5371 abbati
1033 5312 1209 5369 cisterciensi
1229 5314 1387 5384 apostolice

600 5411 673 5467 sedis
688 5409 794 5480 legatis,
809 5409 925 5478 aliisque
941 5406 1102 5463 ortbodoxae
1114 5405 1177 5461 fidei
1192 5406 1386 5475 sectatoribus,
1734 5451 1849 5511 CAPUT
1873 5453 1907 5510 lx

601 5515 655 5554 aron
668 5500 756 5555 solum
769 5499 895 5555 timorem
907 5514 961 5554 nou
980 5498 1106 5562 incutiet,
1123 5496 1170 5552 serf
1191 5511 1315 5552 amorem
1339 5511 1386 5552 sc·
1911 5495 1919 5511 ⁸

600 5592 706 5660 ccedet,
725 5591 961 5664 utejusexempio
975 5590 1119 5662 quiritem
1135 5599 1266 5645 aeternam
1281 5599 1386 5662 tempo-
1438 5589 1583 5646 Tmosanns
1597 5601 1622 5646 et
1637 5590 1845 5646 Corraoronensis
1866 5591 1981 5662 episcopi
2001 5590 2113 5646 Restant
2211 5621 2222 5634 ·

600 5686 651 5742 raii
668 5696 755 5741 morte
779 5686 894 5742 feliciter
912 5693 955 5740 est
978 5694 1125 5750 mercatus,
1141 5684 1248 5739 animas
1267 5698 1333 5740 suas
1357 5684 1385 5739 iu
1474 5675 1527 5728 Μ’
1545 5663 1950 5744 ¹¹⁸.l’⁰'⁸⁸¹fi⁶l'm⁰²⁵”¹⁰⁸¹⁰¹⁸¹¹⁸
1965 5662 2135 5719 &dmm
2171 5664 2221 5718 ’Μ’

599 5787 655 5832 tam
671 5777 789 5849 glorioso
800 5777 962 5844 cer-tornius,
971 5775 993 5828 si
1004 5790 1117 5830 necesse
1130 5774 1223 5841 fucrit,
1240 5789 1292 5845 pro
1303 5773 1384 5829 Chri·
1470 5733 1577 5788 ΜΝ
1589 5751 1725 5804 pumma
1737 5743 1880 5804 amm·

599 5879 643 5927 sto
661 5884 763 5939 ponere
779 5886 832 5926 non
846 5868 1003 5924 formident.
1471 5865 1600 5924 videntes
1612 5868 1695 5939 igitur
1708 5868 1813 5938 prelati
1825 5865 2011 5925 Narbonensis
2022 5869 2183 5940 proriuciae,
2194 5877 2220 5925 et

637 5963 711 6019 Unde
734 5963 946 6034 archiepiscopis
968 5973 995 6019 et
1022 5963 1157 6035 episcopis
1183 5962 1383 6019 consulendum
1436 5961 1482 6015 alii
1503 5976 1575 6030 rqrros
1596 5960 1723 6031 tangebat
1745 5962 1883 6031 negotium
1902 5962 1978 6032 pacis
1991 5973 2020 6018 ct
2037 5962 2112 6031 fidei,
2125 5963 2217 6019 deaes-

598 6056 737 6119 duximus,
760 6054 950 6122 admonendo,
974 6069 1069 6125 preces
1085 6057 1238 6128 preceptis,
1251 6064 1384 6126 praecepta
1435 6052 1505 6107 sisse
1519 6051 1606 6107 bonos
1618 6052 1692 6107 riros
1706 6051 1887 6109 Oxomcnscm
1907 6054 2066 6126 episcopum
2081 6065 2109 6112 et
2123 6053 2216 6112 fratres

599 6147 724 6217 precibus
738 6146 914 6212 inculcantes,
936 6155 966 6202 ut
987 6147 1138 6218 legatorum
1164 6149 1287 6218 ipsorum
1310 6148 1384 6202 salu·
1434 6143 1544 6200 Petruor
1556 6145 1590 6200 de
1602 6145 1781 6214 castronovo,
1793 6156 1820 6204 et
1838 6145 1870 6203 i.
1891 6145 2076 6220 lieduipirunr,
2094 6150 2143 6219 qni
2162 6147 2215 6205 foc·

1473 5177 1524 5236 llis
1534 5180 1616 5236 dictis
1629 5180 1663 5236 de
1679 5192 1766 5236 morte
1777 5177 1943 5236 sarrctissirui
1956 5176 2008 5233 riri
2018 5175 2180 5249 prelibatis,
2191 5176 2223 5230 ad

1438 5272 1607 5328 narrationis
1624 5281 1724 5328 nostrae
1739 5271 1838 5327 seriem
1853 5269 2007 5328 redeamus.
