5125 7059
344 699 402 759 ost
990 689 1106 747 uuuus
1124 688 1326 745 mscrrrms.
1912 696 1969 751 953

384 805 463 870 Turre
491 824 539 863 rex
563 807 676 863 ueniens
701 804 735 860 ud
761 803 889 860 thronum
904 799 1081 866 Continuus,
1104 807 1170 863 etA
1217 799 1294 855 Tium
1304 800 1455 858 uenientem
1466 802 1581 873 suscipit
1592 803 1762 877 synagogam
1774 807 1886 878 signans
1896 819 1967 872 euru,

348 900 462 954 mittens
473 900 592 968 legatum
603 894 638 950 ud
652 909 742 965 regem
760 890 918 964 Babylonis,
931 899 1024 946 mutat
1039 906 1132 946 eorum
1183 903 1210 949 et
1222 895 1318 950 dicens
1334 914 1340 949 :

348 1006 383 1044 eo
396 1010 403 1046 :

422 1081 546 1137 Potestas
560 1079 667 1134 Domini
682 1085 786 1132 maneat
800 1077 827 1130 in
838 1084 976 1140 aeternum,

423 1176 489 1242 Qua
502 1171 641 1226 odoranda
654 1180 693 1225 est
702 1171 781 1241 quasi
792 1185 887 1223 numeru
902 1168 1097 1237 sempiternum.

422 1267 585 1324 Condemnai
594 1263 697 1333 penitus
710 1261 842 1315 culturam
854 1258 996 1322 idolorum,

422 1356 545 1425 Proeeipit
560 1354 640 1422 aijioi
653 1353 721 1406 ritus
740 1350 955 1404 simulacrorum.

386 1450 464 1505 Tunc
479 1448 624 1503 Gentilium
635 1445 669 1500 od
683 1446 818 1515 legatum:

423 1541 517 1595 Finxit
527 1538 627 1594 insidia
642 1537 711 1591 itane
722 1537 946 1606 siupularilnlem,

424 1633 458 1688 o'r
474 1649 553 1687 unam
567 1631 661 1685 coleret
676 1628 753 1683 iramo
768 1626 948 1683 Diuisitatens.

423 1722 474 1776 ilie
486 1722 546 1793 jure
557 1719 628 1774 Deus
639 1718 751 1787 rupidus
767 1719 926 1785 astimotur,

423 1814 476 1878 (lui
492 1811 633 1880 specialius
647 1811 750 1864 certeris
764 1810 820 1863 uult
835 1819 864 1863 ut
880 1811 952 1866 solus
966 1810 1079 1877 colatur,

424 1903 481 1959 Nos
492 1905 573 1974 ipitur
582 1903 716 1974 sequimur
726 1904 807 1958 ritum
820 1905 1006 1975 antiquitatis:

423 1996 481 2050 Diis
497 1996 655 2049 discrimina
668 1994 802 2050 reddimus
816 1996 941 2052 Deitatis.

387 2088 465 2143 Tune
480 2088 593 2142 nuntius
608 2106 615 2142 :

425 2179 498 2234 Unus
510 2189 548 2234 est
560 2180 700 2246 Dominus,
719 2196 795 2252 quem
806 2181 869 2251 jure
878 2197 1042 2242 meremur.

386 2272 420 2327 Et
435 2273 568 2343 dejiciens
581 2274 760 2329 simulacrum
778 2281 890 2330 coutet:

424 2365 531 2421 idolum
543 2364 716 2421 detestamur.

388 2502 486 2557 Statim
508 2502 623 2574 gentiles
646 2511 825 2569 concurrant,
841 2511 869 2560 et
889 2506 1049 2576 prolientur
1070 2524 1134 2565 eam

350 2593 474 2649 exercitu
495 2590 668 2648 Antichristi.
698 2591 732 2646 Et
757 2603 903 2663 superatus
923 2610 971 2652 rex
991 2595 1137 2670 Babylonis

351 2686 464 2740 ducitur
478 2682 602 2754 captivus
621 2681 875 2740 sdAutiohrietum.
892 2684 970 2742 Tune
990 2702 1050 2754 res,
1065 2705 1136 2760 genu

351 2776 433 2840 itero,
447 2774 661 2831 offertoomuam
674 2774 854 2841 Antichristo,
871 2775 965 2834 diceus
982 2777 1062 2834 :mot
1072 2795 1136 2850 pro-

352 2870 442 2938 fiteor,
453 2875 506 2923 ete.
526 2866 604 2923 Tuuo
616 2865 802 2924 Antichristus
816 2868 928 2940 siguaus
941 2885 1015 2937 eum,
1030 2880 1058 2928 et
1071 2888 1137 2929 suos

352 2963 382 3015 iu
398 2960 546 3024 frontibus.
560 2969 589 3016 et
601 2959 745 3030 imponens
757 2974 888 3016 eoronam
902 2962 926 3018 ι’
937 2970 1031 3018 mutat
1046 2981 1055 3020 s
1076 2964 1137 3020 Vise

351 3070 401 3124 per
413 3055 539 3123 orariam,
554 3062 607 3108 eto.
624 3050 723 3106 Statim
733 3052 847 3110 redeum
861 3053 897 3109 sd
909 3054 989 3112 sedes
1001 3070 1067 3112 suus
1078 3071 1137 3112 om-

352 3161 405 3201 ues
417 3152 559 3202 commutes
572 3163 580 3200 ε

390 3280 516 3337 Omnium
529 3289 655 3337 reatorem
668 3289 694 3337 te
706 3281 793 3337 solum
804 3282 970 3352 profitemur,

391 3373 451 3428 Tiii
464 3381 522 3427 tota
530 3381 615 3429 mettio
628 3388 730 3442 seusper
742 3372 922 3443 obsequemur.

1221 988 1272 1042 Per
1285 1005 1326 1043 me
1340 989 1459 1059 epredere
1472 1001 1568 1046 rectem
1579 992 1741 1060 confusionis
1758 1010 1767 1048 :

1219 1078 1278 1134 Tilti
1288 1081 1399 1134 restituo
1413 1094 1512 1135 terram
1526 1084 1722 1150 promissionis.

1220 1169 1254 1223 iu
1271 1179 1317 1225 tuo
1328 1170 1467 1226 lumiueeu
1484 1182 1572 1244 pentes
1591 1173 1739 1243 auriolum,

1221 1259 1255 1313 lit
1273 1259 1321 1315 sui
1336 1262 1407 1328 pacis
1418 1270 1471 1316 tua
1485 1263 1538 1333 leue
1552 1280 1624 1335 repes
1639 1278 1757 1335 reputant.

1220 1352 1299 1407 'iuna
1317 1353 1460 1426 synogoga
1483 1354 1626 1422 redeunte,
1641 1357 1744 1413 intrant
1770 1361 1909 1433 prophetes
1929 1363 1972 1419 di·

1185 1452 1279 1499 oeutus
1294 1462 1302 1499 t

1227 1531 1340 1589 l'erltum
1355 1532 1446 1590 Patris
1463 1535 1562 1591 lsaieus
1573 1536 1738 1595 diuinitatem

1223 1622 1257 1676 ln
1268 1625 1367 1696 rirpine
1383 1628 1495 1696 sumpsit
1508 1628 1711 1695 humanitatem,

1221 1716 1332 1772 llanens
1344 1717 1415 1773 Deus
1429 1719 1537 1788 effertus
1554 1729 1593 1774 est
1604 1724 1739 1791 mortalis.

1221 1807 1329 1876 Semper
1344 1806 1415 1862 Deus
1430 1808 1517 1878 lactus
1532 1821 1571 1866 est
1585 1815 1746 1881 temporalis.

1225 1899 1286 1953 Non
1301 1909 1406 1954 notura·
1419 1918 1469 1956 usu
1480 1904 1518 1957 sio
1531 1913 1644 1960 testante

1223 1989 1395 2061 lioe'laetum
1406 2003 1456 2058 eut.
1468 1993 1514 2048 sed
1526 1995 1581 2050 Deo
1592 2008 1725 2065 operante.

1225 2079 1355 2135 Nostram
1372 2082 1484 2152 sumpsit
1495 2085 1690 2156 infirmitatem,

1225 2171 1237 2224 i
1241 2170 1259 2225 't
1271 2174 1385 2243 infirmis
1399 2175 1528 2245 eorslerret
1544 2178 1710 2248 firmitatem.

1223 2261 1301 2318 liure
1308 2263 1399 2319 iudai
1410 2267 1549 2321 mortalem
1562 2280 1745 2339 soporaverunt,

1225 2353 1406 2410 immortalem
1417 2373 1494 2428 quem
1506 2375 1563 2414 esse
1573 2361 1729 2416 mucierunt.

1224 2444 1280 2502 lieo
1294 2449 1419 2514 sermoni,
1435 2466 1481 2505 nee
1496 2451 1579 2522 sipnis
1591 2453 1739 2518 eredidere3

1224 2536 1279 2592 Sui
1295 2537 1387 2594 Pilato
1397 2538 1533 2596 Christum
1543 2545 1708 2614 crucifixere.

1224 2629 1362 2685 Alorieudo
1376 2642 1486 2687 mortem
1505 2636 1686 2704 mortificant,

1225 2720 1247 2774 A
1265 2721 1382 2792 pedenna
1396 2723 1529 2780 credentes
1545 2725 1675 2783 iiierauit.

1227 2811 1278 2866 liic
1289 2815 1406 2868 surrexit
1420 2831 1478 2870 sere
1490 2819 1711 2884 monumemtum,

1224 2900 1324 2973 ilspaat
1339 2919 1439 2974 semper
1451 2905 1479 2959 in
1488 2907 1610 2976 prouisum
1624 2918 1759 2966 maturus.

1225 2991 1277 3045 iiie
1295 2993 1421 3047 seculum
1434 3010 1481 3064 per
1490 2995 1575 3066 ipsam
1581 2994 1726 3067 judicatis,

1227 3080 1367 3139 lisioersos
1382 3085 1410 3141 in
1424 3102 1504 3142 earne
1517 3088 1667 3153 suscitabit.

1223 3175 1246 3227 A
1261 3174 1378 3244 reprobis
1396 3176 1536 3234 sdsmdos
1550 3180 1693 3250 separabit,

1224 3265 1314 3323 Halos
1332 3268 1475 3336 damnans,
1494 3272 1575 3328 ionas
1589 3273 1762 3345 glorificabit.

1229 3358 1303 3418 Vera
1312 3361 1386 3417 scitis
1399 3362 1463 3434 quid
1476 3362 1621 3435 Scriptura
1631 3366 1782 3439 loquantur.

389 3463 468 3520 'tune
478 3464 663 3523 Αῃιῑὼὴως
671 3464 792 3538 affige„
802 3464 960 3538 hymn„
971 3465 1006 3523 ,d
1016 3465 1138 3543 SM*
1152 3504 1174 3562 c
1229 3450 1318 3509 Euoolt
1331 3454 1429 3521 airum,
1443 3466 1470 3512 et
1486 3455 1574 3513 Elium
1591 3467 1733 3518 testastur.

352 3569 417 3626 gum
431 3561 525 3609 mutat
539 3569 547 3606 ι

387 3641 493 3699 Judoeis
510 3642 590 3698 dieite
603 3641 731 3700 ilessiam
743 3641 890 3714 aduenisse,

390 3735 428 3792 Et
441 3751 483 3789 me
497 3737 525 3791 iss
536 3735 657 3807 pentilus
675 3736 803 3791 triiutum
820 3740 959 3808 aeupisse.

388 3825 493 3882 Judais
503 3826 581 3882 dieite
596 3841 607 3881 .·
623 3825 665 3882 lin
679 3844 726 3899 epo
739 3845 797 3884 sum
810 3828 935 3897 Messias,

390 3917 449 3988 Eoo
462 3935 520 3972 sum
532 3920 679 3987 promissus
696 3921 736 3976 eis
749 3937 796 3991 per
811 3923 975 3993 prophetias.

353 4010 434 4067 Tuae
449 4012 597 4084 hypocrite
610 4012 645 4068 ad
661 4012 833 4086 synogogam
848 4034 856 4072 ε

391 4103 497 4177 Regalis
509 4105 610 4178 pererio
624 4121 688 4178 prus
699 4113 739 4161 est
751 4107 903 4175 peculiaris,

392 4196 496 4252 Fidelis
511 4195 624 4267 populus
637 4194 731 4266 ulique
744 4194 912 4266 pradsmis.

392 4287 448 4343 Pro
466 4287 564 4341 tuenda
574 4288 628 4358 leue
637 4284 797 4356 jamdudum
810 4287 948 4355 exsulasti,

391 4381 492 4436 Procul
505 4397 522 4434 a
534 4380 622 4447 patria
635 4377 761 4434 Nessiam
771 4381 939 4449 exspectasti.

392 4473 459 4529 liae
474 4472 633 4543 easpeetatio
645 4469 736 4526 reddet
748 4470 949 4528 hereditatem:

389 4564 516 4622 iucunda
526 4565 629 4620 nouitas
642 4563 755 4619 mutabit
769 4572 933 4622 uetustatem.

392 4660 461 4716 Erae
474 4658 627 4730 musterium
646 4666 698 4712 tua
708 4655 913 4727 redemptionis:

391 4752 448 4808 lieu
460 4751 530 4806 enim
543 4757 622 4803 natus
631 4757 671 4804 est
684 4758 778 4804 auctor
791 4748 937 4819 relioionis.

1190 3543 1270 3598 Tunc
1284 3544 1447 3619 synagoga:

1227 3633 1340 3691 Ubinam
1355 3641 1437 3695 sunt?

1477 3821 1535 3878 Nos
1546 3841 1638 3880 sumus
1651 3842 1719 3891 oere,

1227 3908 1262 3964 irs
1275 3925 1341 3982 quos
1357 3911 1424 3980 fines
1435 3914 1596 3969 soeculorum
1610 3913 1740 3975 deosnere.

1226 4000 1284 4058 isle
1295 4001 1395 4071 Enosis,
1409 4014 1494 4077 stepo
1508 4023 1570 4060 sum
1587 4005 1674 4074 Elias,

1225 4093 1299 4163 Quos
1312 4095 1444 4168 lsumsaue
1454 4106 1602 4155 seruauerat
1612 4098 1738 4164 Hessius,

1225 4190 1278 4257 Qui
1287 4191 1348 4263 jam
1361 4193 1441 4257 uenit,
1455 4203 1481 4248 er
1496 4194 1582 4249 adiue
1593 4203 1633 4252 est
1648 4206 1782 4260 uenturus,

1227 4283 1280 4341 Per
1294 4302 1342 4340 rtos
1354 4286 1468 4355 primum
1484 4285 1571 4343 lsrael
1588 4287 1780 4358 redempturus.

1226 4378 1294 4433 Ecce
1306 4379 1375 4433 seuit
1388 4378 1466 4434 loma
1476 4379 1642 4448 perditionis,

1225 4469 1331 4542 Alauna
1342 4485 1526 4526 consummans
1538 4487 1627 4528 muros
1639 4471 1782 4544 Babylonis
1797 4485 1808 4524 .·

1226 4559 1289 4617 Nom
1304 4569 1345 4616 est
1356 4560 1490 4618 Christus.

1225 4652 1303 4709 Tunc
1318 4653 1416 4708 tollunt
1430 4653 1455 4709 ei
1472 4653 1574 4709 uelum.
1590 4650 1688 4708 Statim
1704 4653 1847 4727 synagoga
1861 4669 1977 4711 conuer-
2012 4691 2014 4694 -

1191 4753 1260 4808 titur
1275 4753 1309 4808 ud
1322 4752 1404 4808 uerita
1421 4752 1616 4823 prophetarum
1631 4753 1747 4809 diceus:

392 4840 676 4906 iiioestlimmauuei,
690 4841 1070 4914 quemtsstanlurseripturae,
1157 4845 1179 4899 D
1228 4841 1337 4898 Seducti
1352 4858 1444 4896 sumus
1455 4858 1512 4897 oere
1526 4842 1786 4911 perAntielsristum‚

392 4934 534 5003 Peresius
544 4931 661 5003 qratiam
671 4941 700 4986 tu
715 4932 834 5003 reputabis
848 4950 949 5002 secure,

393 5026 487 5081 Erexit
505 5022 626 5087 humiles,
637 5032 663 5078 et
673 5023 796 5092 superios
807 5022 911 5094 dejecit,

393 5117 518 5173 Potenter
529 5115 618 5171 omttia
627 5114 675 5168 rud
688 5113 796 5183 peditus
808 5114 928 5185 subjecit.

394 5207 489 5278 Surae,
503 5205 664 5272 ierusalem,
677 5221 764 5277 turpe,
777 5205 946 5273 illuminare,

392 5300 504 5369 Captiva
518 5298 564 5354 diu
579 5298 727 5370 spumaue,
740 5298 840 5354 latare.

354 5393 439 5452 Tunc
452 5389 594 5464 Syusgogs
612 5411 618 5447 :

397 5486 462 5541 liae
474 5485 621 5540 consolatio
635 5482 730 5540 dirime
745 5485 871 5540 bonitatis

392 5577 523 5633 nomm
535 5577 640 5646 respici.
652 5588 750 5632 nostra
762 5577 932 5646 captiuitatis.

394 5669 497 5725 Eamus
515 5667 598 5739 ipilur
611 5666 712 5721 adriam
730 5663 875 5731 salvatori,

394 5761 510 5833 Dipuum
523 5770 563 5816 est
577 5758 683 5815 reddere
693 5758 807 5831 pioriam
818 5757 994 5830 Redemptori.

403 5853 482 5910 Taua
513 5851 656 5926 synagoga
694 5867 810 5924 sumens
839 5853 915 5909 uadit
945 5853 980 5909 sd
1006 5853 1145 5909 Antichri-

359 5951 648 6097 “ffl’eseiicmmasuel
667 6050 742 6105 auem
753 6048 854 6105 mmper
865 6049 1028 6105 oeueramur,

396 6131 431 6188 ln
448 6130 524 6200 eujus
541 6130 625 6201 storia
639 6146 685 6187 sos
703 6144 803 6200 quoque
813 6128 971 6202 ploriomur.

1227 4935 1280 5002 Qui
1292 4936 1417 4988 mentitur
1426 4951 1454 4989 ss
1462 4931 1620 4989 ludaorum
1630 4934 1776 4992 Christum.
1788 4994 1791 5003 ,

1227 5030 1308 5084 Certa
1322 5026 1420 5081 indicia
1430 5035 1469 5081 est
1485 5035 1584 5084 nostra
1596 5027 1727 5083 libertatis

1228 5119 1304 5174 Elias
1317 5129 1342 5174 et
1358 5116 1448 5173 Enosis
1461 5118 1592 5189 propltetos
1604 5121 1734 5177 ueritatis.

1230 5210 1290 5267 Tiii
1303 5210 1405 5280 pratias
1420 5209 1528 5276 damus,
1543 5209 1659 5277 Adonai,
1676 5227 1723 5265 rex
1736 5212 1839 5283 ylario.

1229 5303 1409 5360 Personarum
1421 5304 1539 5359 Trinitas
1554 5305 1671 5376 ejusdem
1689 5304 1855 5362 substantias.

1234 5397 1298 5452 Vere
1313 5396 1395 5451 Pater
1410 5397 1480 5452 Deus
1494 5407 1543 5461 eal,
1554 5397 1630 5467 eujus
1647 5395 1801 5469 Unipenilus

1228 5488 1299 5543 Deus
1312 5497 1361 5553 est,
1377 5486 1447 5543 idem
1460 5488 1530 5543 Deus
1543 5497 1583 5543 est
1600 5490 1738 5543 amborum
1752 5488 1882 5560 Spiritus.

1229 5580 1340 5637 interim
1374 5580 1522 5653 hypocrita
1550 5579 1690 5636 uenientes
1718 5581 1753 5637 ad
1780 5581 1978 5638 Antichristum

1193 5678 1306 5728 mutasti
1321 5687 1329 5725 τ

1230 5762 1371 5819 Oculmen
1386 5761 1485 5832 regium
1500 5758 1594 5814 dirime
1607 5759 1774 5830 majestatis!

1232 5855 1292 5910 Tiii
1306 5854 1472 5909 suitralritur
1484 5852 1566 5906 immor
1574 5851 1730 5907 diuinitatis.

1232 5945 1368 6002 intrauere
1382 5961 1454 6000 senes
1468 5941 1588 5999 doctores
1601 5943 1737 6006 sanitatis,

1231 6037 1285 6104 Qui
1297 6036 1479 6108 blasphemant
1495 6044 1547 6090 tua
1560 6034 1683 6091 itonorem
1695 6036 1842 6103 potestatis.

1231 6126 1335 6185 iudeis
1345 6124 1493 6198 prndioaut
1507 6133 1596 6183 tenore
1611 6125 1826 6195 seripturarum.-
