5125 7059
348 651 397 705 titt
951 653 1111 711 HISTORIA
1132 653 1378 714 atntcen’sltltt.
1911 662 1965 721 562

348 776 412 820 rant
427 765 630 835 predicationis
649 769 677 825 in
694 780 765 826 tcrra
786 779 935 842 praenotata
957 775 1094 845 principes
1107 779 1171 834 etti
1489 772 1603 830 CAPUT
1622 772 1655 830 N.

347 860 490 930 magistri;
507 862 754 919 animadvertentes
774 864 847 934 qnod
868 865 962 919 eadem
978 866 1135 935 praedicatio
1234 862 1353 918 ffittitur
1365 880 1423 917 corn
1438 863 1476 921 ff.
1492 863 1592 920 lfilone
1610 865 1737 937 ntogister
1753 864 1917 926 Tfreodirirrs.

347 949 431 1003 etiam
444 949 500 1020 jam
515 953 648 1021 peregerit
658 969 690 1008 ex
702 963 778 1023 parte
789 957 906 1010 unanima
918 971 1028 1011 cursurn
1042 973 1134 1023 suum,
1219 955 1291 1026 (t-5l
1306 953 1405 1011 lfissus
1415 965 1457 1011 cst
1469 965 1557 1012 autem
1569 972 1631 1012 cum
1642 957 1759 1014 dictolf.
1769 957 1878 1025 llilonc,
1887 956 1969 1015 cleri·

348 1058 399 1098 nce
410 1045 524 1099 multum
537 1044 692 1116 profecerit,
708 1048 764 1104 imo
776 1049 885 1120 penitus
897 1049 986 1106 fructu
1003 1049 1134 1106 frustrata
1185 1059 1234 1100 cus
1246 1044 1357 1115 quidam
1373 1045 1503 1115 magister
1515 1043 1679 1104 'flicodisius
1690 1048 1801 1104 nomine
1818 1048 1968 1106 canonicus

347 1132 386 1190 slt
402 1144 542 1205 exoptato,
564 1137 598 1192 ad
623 1139 704 1208 pedes
728 1139 828 1195 summi
852 1140 990 1209 pontilicis
1009 1140 1135 1210 judicant
1184 1131 1342 1202 butensis.
1359 1137 1407 1207 ‘lul
1422 1136 1566 1207 saepcdicto
1590 1136 1625 1192 ll·
1648 1137 1740 1194 lfflORl
1764 1139 1918 1207 ²⁸⁸l⁵l⁰l0¹i
1940 1149 1968 1196 0¹

347 1227 598 1283 transmittendum.
610 1229 762 1300 Accingunt
776 1246 842 1300 ergo
853 1247 883 1286 se
893 1232 943 1286 viri
955 1233 1133 1300 rationabiles,
1186 1227 1276 1296 ipsum
1299 1228 1327 1281 itl
1348 1227 1516 1298 expediendo
1531 1228 1592 1284 fldei
1615 1230 1725 1300 negotio
1739 1231 1890 1300 adiutaret.
1915 1227 1968 1289 late

347 1317 434 1375 Falco
456 1319 622 1387 Tolosanns,
643 1331 670 1378 ct
685 1321 824 1379 Nararrus
843 1323 1061 1382 Consoranensis
1078 1327 1136 1397 epi·
1186 1318 1348 1376 Theodisltts
1362 1321 1404 1375 tit·
1424 1320 1517 1377 multae
1541 1321 1670 1387 scietttlae.
1686 1322 1729 1376 vir
1743 1323 1969 1380 constantim-mi·

348 1414 436 1482 scopi,
451 1411 622 1485 Romamque
646 1427 804 1487 properant,
829 1418 1007 1488 supplicaturi
1023 1418 1136 1475 domino
1186 1411 1290 1478 rabilis,
1305 1411 1345 1466 lit·
1357 1411 1463 1468 exfmlae
1474 1412 1615 1480 bonitalis,
1628 1413 1674 1483 tltli
1692 1413 1762 1469 liene
1777 1428 1807 1469 be
1822 1414 1916 1470 babuit
1940 1414 1968 1469 in

348 1518 426 1574 papae
438 1513 468 1560 nt
481 1505 645 1576 periclitanti
660 1507 687 1562 in
701 1506 871 1564 Narbonensi
884 1508 1036 1579 prouincia,
1049 1518 1077 1566 et
1089 1507 1135 1564 Bi·
1186 1513 1296 1574 negotio
1309 1501 1372 1559 Jcsu
1384 1504 1496 1573 Christi,
1511 1505 1558 1576 qni
1573 1518 1675 1577 quanta
1691 1522 1741 1578 pro
1752 1506 1847 1562 eodem
1861 1515 1969 1577 negotm

349 1595 491 1664 turicensi,
509 1607 536 1653 et
560 1597 752 1672 burdegalensi
776 1616 826 1671 pro
852 1616 918 1671 pace
944 1598 1092 1664 Ecclesia.
1109 1609 1138 1657 et
1185 1600 1306 1668 pericula
1324 1617 1421 1673 passus
1437 1605 1473 1658 sit
1493 1612 1521 1658 ct
1539 1601 1657 1666 labores,
1676 1602 1715 1658 rei
1726 1601 1818 1657 exitus
1831 1597 1968 1672 patefecit,

348 1687 428 1756 quasi
444 1689 553 1758 penitus
569 1689 741 1762 naufraganti
756 1707 867 1747 manum
881 1691 1002 1763 porrigat
1022 1691 1137 1762 adjutri·
1186 1699 1214 1745 et
1227 1706 1279 1748 nos
1292 1693 1466 1764 postmodum
1480 1694 1638 1750 curavimus
1658 1693 1740 1749 latius
1755 1692 1892 1748 intimare.
1916 1687 1969 1744 llo-

348 1793 421 1835 cern.
437 1778 571 1836 florninus
585 1790 676 1837 autem
691 1798 759 1855 papa
777 1780 961 1850 lnnocentius,
977 1783 1023 1854 qui
1043 1781 1137 1839 defen·
1187 1782 1279 1841 nrinus
1294 1800 1358 1842 tero
1372 1801 1441 1857 papa
1453 1784 1489 1840 ll.
1502 1784 1599 1842 lliloni
1617 1786 1730 1842 dederat
1744 1784 1772 1841 ln
1790 1783 1927 1841 mandatis
1940 1793 1971 1839 ut

348 1872 446 1928 denda
461 1874 523 1929 fidei
540 1875 684 1931 catlrolicae
704 1876 915 1933 necessitatibus
941 1878 1005 1933 totis
1026 1877 1137 1944 nisibus
1186 1873 1221 1930 de
1235 1877 1363 1934 omnibns
1376 1894 1438 1949 quae
1452 1878 1486 1933 ad
1508 1878 1647 1950 negotium
1669 1878 1732 1933 fldci
1747 1875 1929 1949 pertinebant,
1943 1884 1972 1931 ct

349 1964 541 2031 occumbebat,
558 1975 634 2021 tanto
658 1966 755 2023 morbo
776 1984 887 2024 manum
903 1968 1031 2039 apposnit
1051 1967 1137 2023 rnedi-
1187 1972 1322 2041 praecipue
1342 1986 1425 2040 snper
1448 1969 1521 2027 facto
1535 1971 1646 2028 comitis
1668 1969 1809 2037 Tolosani,
1822 1967 1856 2023 ad
1876 1967 1970 2023 consi·

349 2070 423 2121 cam,
435 2059 575 2127 gener-ales
585 2071 612 2115 et
622 2057 744 2114 efficaces
757 2076 839 2131 snper
849 2061 903 2116 lroc
911 2062 1019 2132 negotio
1031 2060 1142 2118 litteras
1188 2065 1253 2120 lium
1264 2065 1389 2121 cistercii
1402 2064 1509 2120 abbatis
1520 2065 1670 2129 ordinaret,
1682 2078 1717 2119 eo
1730 2062 1803 2134 quod
1818 2060 1902 2117 abbas
1913 2067 1971 2116 sta·

350 2148 380 2203 in
395 2147 539 2204 Franciam
550 2135 776 2221 transmittendo,
798 2154 870 2207 sicut
889 2151 1004 2208 inferius
1029 2152 1136 2224 pientius
1153 2121 1245 2212 Btuni
1259 2156 1359 2229 negotii
1370 2164 1398 2212 et
1411 2157 1547 2213 versutias
1559 2157 1667 2212 comitis
1684 2156 1763 2227 plene
1787 2154 1879 2211 sciret.
1894 2150 1972 2208 llndc

349 2241 547 2312 exprimemus.
562 2242 641 2309 Quod
657 2245 772 2301 audiens
794 2260 887 2302 comes
906 2244 1070 2310 Tolosanus,
1084 2246 1139 2300 imo
1187 2263 1216 2309 er
1240 2252 1369 2308 corninus
1395 2267 1465 2323 papa
1491 2250 1527 2306 ll.
1557 2250 1651 2305 idiloni
1679 2265 1808 2321 expresse
1832 2248 1970 2303 dixerat:

349 2333 478 2390 dicamus
507 2335 605 2392 melius
638 2336 809 2405 dolosanus,
835 2338 989 2409 perrexisse
1015 2338 1141 2395 ridclicct
1191 2345 1310 2402 ‹libbas
1324 2344 1448 2402 cistercii
1465 2353 1551 2401 toturn
1568 2343 1660 2410 faciet,
1674 2353 1702 2399 ct
1716 2354 1745 2399 tn
1764 2357 1898 2414 organum
1912 2340 1972 2410 ejus

352 2435 518 2496 praenotatos
530 2428 673 2500 episcopos
686 2429 720 2485 ad
739 2431 845 2487 curiam
860 2429 1025 2498 Romanam,
1038 2431 1139 2487 timens
1187 2438 1261 2506 eris;
1274 2453 1366 2495 comes
1380 2439 1453 2494 enim
1468 2437 1621 2494 'dolosanus
1635 2438 1788 2494 lrabnteuru
1803 2450 1971 2506 suspectum,

352 2535 383 2575 se
398 2519 479 2591 digne
499 2537 549 2592 pro
569 2522 674 2577 nreritis
695 2523 875 2593 puniendum,
896 2523 1047 2596 ridensque
1068 2524 1140 2580 facta
1187 2540 1217 2587 ru
1233 2545 1288 2587 non
1305 2529 1395 2587 crisci
1411 2539 1566 2600 suspectus,
1585 2548 1594 2582 a
1613 2528 1813 2585 Descendsnrcs
1833 2526 1915 2598 igitur
1934 2523 1971 2580 lt.

351 2628 402 2668 sna
416 2629 470 2667 non
483 2628 564 2683 posse
578 2614 690 2685 impune
702 2616 829 2682 transire,
841 2617 1039 2688 poenitndinem
1053 2618 1140 2673 simu·
1188 2621 1253 2679 lfilo
1270 2631 1300 2679 et
1313 2620 1349 2676 ll.
1366 2621 1529 2680 Tbeodisius
1551 2622 1591 2694 (ti)
1616 2622 1643 2676 in
1667 2620 1821 2687 franciam,
1845 2618 1973 2675 abbatem

351 2705 424 2772 laris,
437 2707 497 2761 etsi
510 2706 597 2776 possit
613 2707 664 2763 sibi
682 2722 838 2778 praecavens
862 2709 890 2763 in
913 2709 1036 2765 futurum
1054 2727 1060 2763 :
1075 2725 1139 2765 cnm
1187 2711 1313 2769 cistercii
1328 2712 1399 2784 apud
1410 2713 1630 2770 Autissiodorum
1643 2711 1816 2768 invenerunt.
1828 2708 1975 2769 Consuluit

351 2798 455 2853 multos
468 2797 537 2853 alios
551 2798 607 2869 jans
625 2799 756 2868 misisset,
772 2801 906 2873 «quosdam
922 2801 1102 2858 exsecrabiles
1112 2811 1141 2859 et
1189 2805 1273 2878 igitur
1287 2806 1322 2862 lt.
1338 2805 1402 2862 llilo
1417 2807 1543 2864 abbatem
1557 2805 1777 2871 Cistercicnsem,
1789 2817 1873 2874 super
1888 2801 1975 2873 pluri-

352 2890 500 2962 malignos,
516 2891 754 2963 archiepiscopum
772 2893 939 2950 Auxitanum
960 2903 988 2950 et
1009 2893 1141 2951 llairnun·
1189 2899 1242 2955 bus
1256 2897 1340 2955 certis
1354 2898 1482 2969 capitulis
1496 2913 1556 2970 qnae
1571 2896 1604 2952 ad
1618 2896 1756 2968 negotium
1779 2893 1840 2950 fldei
1853 2893 1974 2966 pcrtine-

352 2985 419 3039 drnn
432 2984 465 3039 dc
479 2983 677 3054 sebastenus,
694 2989 740 3058 qui
763 2987 901 3059 qnondam
925 2986 1014 3043 fuerat
1028 2987 1141 3046 Tolosa·
1189 2990 1266 3046 bant.
1282 2991 1376 3047 birbas
1388 3006 1454 3047 nero
1465 2990 1499 3045 de
1510 2989 1639 3045 omnibus
1651 2986 1809 3059 diligentius
1820 2985 1974 3053 instruens,

352 3090 406 3128 nus
422 3075 577 3146 episcopus,
604 3076 651 3131 sed
683 3077 788 3134 meritis
811 3077 870 3135 suls
890 3079 1060 3151 exigentibus
1082 3088 1142 3138 crat
1190 3082 1335 3138 consilium
1349 3098 1429 3138 snum
1449 3081 1559 3138 tradidit
1572 3085 1598 3138 ei
1621 3081 1754 3151 scriptum
1771 3087 1799 3135 et
1815 3078 1974 3150 sigillatum.

353 3166 505 3235 depositus,
520 3166 593 3222 miili
605 3166 739 3235 R0m³mt
755 3181 976 3242 conquestusque
996 3181 1039 3230 est
1050 3174 1141 3230 domt-
1191 3171 1298 3230 lfonuit
1311 3174 1393 3230 etiarn
1417 3189 1481 3229 curn
1502 3181 1529 3228 ct
1549 3170 1690 3227 consuluit
1706 3177 1747 3239 ut,
1763 3179 1910 3241 antequam
1926 3183 1976 3239 ag·

354 3274 390 3312 no
405 3273 480 3329 papae
493 3274 543 3329 per
565 3261 678 3317 nuntios
699 3261 770 3329 illos,
785 3262 819 3318 de
833 3263 932 3320 abbate
954 3263 1140 3336 cisterciensi,
1192 3265 1349 3340 grederetur
1362 3267 1491 3323 comitem
1503 3264 1685 3333 Tolosanum,
1699 3271 1863 3321 convocaret
1884 3261 1975 3317 archi·

354 3350 403 3419 qui
417 3350 551 3421 legatione
568 3368 650 3423 super
665 3355 774 3425 negotio
788 3353 848 3411 fidei
869 3354 1050 3428 fungebatur;
1065 3374 1144 3415 asses
1192 3362 1347 3431 episcopos,
1366 3359 1511 3431 episcopos
1525 3366 1553 3414 et
1565 3356 1634 3415 alios
1654 3356 1790 3427 praelatos,
1806 3368 1876 3426 qnos
1895 3367 1978 3424 expe·

354 3458 420 3499 reris
437 3445 508 3515 quod
531 3460 595 3500 euna
615 3447 790 3503 exacerbaret
813 3447 896 3504 nimis
916 3465 1013 3521 aspere
1031 3461 1059 3507 et
1080 3452 1141 3522 plus
1154 3472 1176 3531 (ς
1191 3451 1250 3509 dire
1260 3451 1376 3520 rideret,
1390 3461 1419 3506 et
1431 3466 1527 3508 eorum
1541 3458 1676 3521 quereret
1686 3457 1714 3504 et
1727 3447 1840 3503 baberet
1851 3443 1976 3501 consilia.

354 3540 448 3609 iusto;
474 3539 636 3608 promittens
657 3541 739 3595 etiam
757 3556 850 3599 comes
865 3544 940 3613 quod
965 3544 989 3599 si
1014 3545 1142 3605 dominus
1192 3543 1332 3613 Quosdam
1347 3542 1429 3598 etiam
1441 3541 1474 3597 de
1489 3541 1619 3612 praelatis,
1637 3537 1674 3595 ll.
1689 3537 1783 3594 bfiloni
1803 3549 1932 3607 expresse
1951 3543 1980 3588 et

356 3644 426 3698 papa
443 3630 562 3699 aliquem
589 3644 604 3683 a
627 3629 712 3685 latere
735 3647 786 3686 suo
803 3631 836 3686 ad
853 3632 930 3689 illurn
948 3634 1087 3708 dirigeret,
1108 3638 1142 3695 ad
1193 3632 1347 3704 specialiter
1371 3630 1546 3698 norninarit,
1572 3644 1689 3700 quorum
1717 3626 1840 3683 consiliis
1866 3624 1979 3681 deberet

357 3722 525 3778 noluntatenr
538 3722 624 3793 ipsius
637 3739 685 3793 per
698 3725 792 3780 omnia
807 3740 837 3781 se
848 3725 970 3783 baberet.
982 3726 1041 3786 lloe
1050 3739 1141 3786 autem
1194 3725 1265 3781 idern
1280 3723 1409 3796 magister
1421 3723 1570 3778 adlraererc.
1582 3719 1648 3777 Post
1656 3718 1805 3776 bacalrbas
1816 3717 1979 3774 cistercien·

358 3831 414 3871 non
425 3816 505 3882 dixit,
516 3817 580 3886 quia
592 3817 681 3882 vellet,
694 3832 724 3872 se
734 3817 907 3890 aliquatenus
917 3821 1072 3877 emendare.
1089 3820 1143 3878 Sed
1194 3819 1234 3874 sis
1248 3827 1275 3873 et
1287 3816 1323 3873 bf.
1337 3815 1400 3872 lfilo
1413 3823 1593 3887 perrexerunt
1605 3814 1639 3870 ad
1661 3829 1750 3885 regem
1775 3811 1898 3868 Francia
1911 3809 1977 3865 Pbi·

358 3910 506 3981 cog'rtabat,
518 3909 592 3980 qnod
606 3908 628 3964 si
643 3909 772 3965 dominus
792 3925 862 3982 papa
885 3913 1005 3984 aliquem
1028 3913 1063 3970 de
1085 3915 1143 3972 suis
1195 3909 1310 3980 lippum,
1322 3909 1369 3979 (tul
1385 3906 1458 3979 apud
1472 3904 1670 3962 Nolafflt'lllm
1691 3904 1718 3960 in
1734 3902 1872 3961 ῑθῐῐὶῑθῐῑθ
1893 3899 1980 3957 Sem·

357 4001 542 4058 cardinalibus
558 4001 590 4057 ad
606 4016 669 4057 eum
684 4002 812 4071 mitteret,
833 4004 923 4074 ipsum
946 4014 1050 4077 posset,
1072 4013 1145 4067 sicar
1195 4000 1256 4084 nico
1270 4015 1333 4055 cum
1345 3998 1469 4070 pluribus
1480 3998 1514 4053 de
1527 3996 1746 4053 baronibussnis
1760 3995 1883 4051 solemne
1893 3992 1979 4048 collo-

359 4095 443 4150 lromo
455 4093 607 4164 versipellis
619 4102 647 4149 et
657 4094 771 4151 callidus
785 4095 1004 4155 circumvenire:
1019 4099 1066 4154 sed
1079 4102 1145 4156 0m·
1195 4094 1290 4163 «quium
1304 4092 1468 4149 celebrabat.
1485 4090 1550 4146 Erat
1567 4091 1640 4146 enirn
1661 4088 1716 4144 dus
1732 4085 1896 4158 tturgnrrdiae
1908 4084 1978 4150 Odit·

359 4187 486 4255 nipotens
498 4184 544 4255 qni
561 4193 698 4241 scrutator
710 4194 752 4241 est
765 4187 891 4243 cordium
909 4198 937 4244 et
960 4191 1084 4260 cognitor
1102 4206 1146 4247 se-
1195 4183 1374 4241 Nirernensis
1386 4193 1413 4239 et
1425 4180 1454 4237 S.
1468 4180 1546 4238 Pauli
1556 4181 1680 4246 comites,
1692 4187 1718 4234 et
1729 4178 1807 4234 multi
1816 4177 1864 4232 alii
1875 4176 1980 4233 nobiles

358 4285 497 4333 cretosum
524 4276 600 4347 (Sur.
629 4279 661 4349 t),
687 4277 775 4334 noluit
788 4281 932 4350 puritatem
953 4282 1145 4340 circumi-eniri
1196 4289 1223 4333 ct
1238 4285 1371 4348 potentes.
1388 4275 1624 4332 Dourinusantem
1640 4286 1709 4344 papa
1730 4271 1854 4325 mittebat
1869 4270 1924 4340 regi
1936 4269 1981 4324 lit-

359 4369 549 4441 apostolicanr,
561 4369 649 4424 noluit
670 4370 723 4442 tegi
738 4373 857 4443 amplius
874 4373 941 4428 dicti
962 4376 1070 4432 comitis
1084 4393 1146 4447 pra·
1197 4381 1270 4426 teras
1285 4367 1419 4438 speciales
1441 4382 1556 4423 monens
1569 4376 1596 4422 ot
1618 4369 1767 4436 deprecans
1785 4371 1814 4418 ut
1834 4377 1883 4433 per
1908 4362 1980 4430 scip·

359 4462 483 4517 ritatem.
499 4459 622 4517 Providit
639 4462 721 4533 igitur
734 4463 809 4535 iuste
820 4473 847 4519 et
868 4464 1082 4521 misericorditer
1100 4468 1147 4538 iu·
1197 4477 1269 4529 sum,
1285 4462 1380 4518 saltem
1396 4476 1444 4532 per
1466 4461 1554 4515 frlium
1576 4474 1656 4514 suum
1677 4456 1858 4522 Ludoticum,
1872 4453 1982 4526 perreli-

360 4564 421 4610 stns
433 4553 528 4626 juder,
545 4563 575 4609 ut
594 4564 621 4610 et
634 4555 763 4612 dominus
783 4571 851 4627 papa
874 4558 968 4614 comiti
983 4562 1061 4630 quasi
1073 4561 1148 4631 justa
1197 4552 1264 4605 tanti
1289 4551 1317 4605 in
1341 4549 1513 4605 Narbonensi
1530 4548 1673 4620 provincia
1698 4546 1826 4604 Ecclesiae
1849 4545 1980 4601 auxilium

360 4643 462 4715 petenti
476 4643 657 4710 satisfaceret,
670 4654 697 4700 et
711 4645 798 4716 ipsius
807 4647 916 4704 comitis
928 4649 1031 4703 malitia
1043 4650 1147 4708 dlutius
1199 4645 1366 4716 impenderet
1381 4653 1575 4716 opportunum.
1590 4641 1647 4698 fles
1662 4653 1753 4698 autent
1768 4641 1864 4697 nuntio
1878 4638 1981 4696 domini

361 4754 417 4793 non
434 4736 539 4793 lateret.
554 4735 711 4794 llisitcnim
721 4739 849 4796 dominus
864 4755 932 4811 papa
944 4757 1028 4797 unnrn
1043 4743 1077 4799 dc
1090 4744 1148 4800 col·
1198 4752 1275 4810 papae
1290 4737 1342 4796 tate
1356 4735 1432 4792 dedit
1446 4751 1620 4807 responsum,
1636 4735 1710 4806 quod
1725 4735 1795 4790 duos
1819 4746 1934 4804 magnos
1954 4739 1982 4787 et

360 4828 520 4886 lateralibus
532 4829 590 4887 suis
604 4828 723 4896 clericis,
738 4829 772 4887 ad
788 4840 879 4902 partes
892 4832 1050 4902 provincia,
1065 4831 1145 4888 tttto·
1162 4823 1294 4903 Dgrares
1318 4829 1435 4886 babebat
1459 4845 1475 4886 a
1497 4829 1627 4885 lateribus
1650 4829 1754 4894 leones,
1776 4824 1909 4880 Othonem
1934 4822 1980 4894 qui

362 4939 425 4978 nem
443 4924 564 4989 nonnae,
584 4923 674 4978 uirum
687 4924 782 4994 utique
794 4924 847 4979 rita
862 4924 1018 4991 honestum,
1034 4926 1148 4983 scicntia
1199 4921 1340 4979 dicebatur
1364 4922 1523 4992 imperator,
1546 4930 1574 4976 et
1599 4935 1691 4988 regem
1716 4917 1818 4988 bugliae
1837 4914 1981 4977 loannem,

362 5018 536 5088 praeclarum,
550 5014 679 5072 facundia
700 5016 844 5084 disertum,
860 5017 907 5089 qui
932 5026 972 5085 ut,
985 5019 1149 5090 probitatem
1199 5017 1246 5084 qni
1262 5014 1326 5069 hinc
1339 5021 1366 5069 et
1378 5014 1441 5069 inde
1452 5013 1484 5069 ad
1500 5012 1681 5076 turbationem
1696 5010 1771 5082 regni
1783 5006 1905 5064 Frarrciae
1919 5005 1983 5061 totis

362 5112 424 5181 ejus
438 5112 556 5166 breviter
567 5112 795 5182 perstringamus,
807 5127 857 5167 nec
869 5121 975 5168 terrore
986 5114 1082 5169 terreri
1098 5130 1148 5185 poa
1200 5105 1305 5163 viribus
1318 5105 1489 5161 laborabant.
1504 5104 1621 5174 ideoque
1633 5120 1682 5160 nec
1697 5104 1754 5173 ipsc
1769 5116 1784 5156 a
1801 5099 1916 5155 Francia
1928 5097 1984 5151 ullo

364 5205 427 5269 tuit,
441 5219 491 5259 nec
502 5203 613 5259 minime
626 5202 726 5274 frangi.
737 5202 835 5259 Comes
848 5213 938 5260 autern
949 5205 1064 5261 audiens
1076 5206 1149 5276 quod
1200 5200 1283 5255 modo
1299 5199 1373 5255 crire
1390 5199 1481 5266 rellct,
1498 5213 1548 5253 nec
1566 5197 1651 5252 filium
1675 5197 1792 5261 mittere,
1810 5194 1864 5248 imo
1879 5191 1983 5247 satisei

364 5297 471 5351 reniret
493 5295 622 5366 magister
643 5294 720 5363 llilo,
744 5294 843 5365 gaudio
867 5297 977 5367 gavisus
997 5307 1040 5354 est
1061 5298 1149 5366 valde,
1201 5291 1343 5347 ridebatur
1356 5291 1390 5346 ad
1405 5305 1534 5362 presens,
1548 5290 1571 5345 si
1588 5290 1703 5345 barones
1716 5302 1781 5343 suos
1796 5284 1834 5340 irc
1846 5285 1985 5355 permitte-

365 5390 431 5459 quia
445 5388 549 5459 putarit
560 5387 633 5459 quod
649 5387 810 5459 saepedictus
826 5389 953 5460 magister
967 5392 1001 5445 ad
1020 5390 1108 5461 ipsius
1121 5406 1150 5446 sc
1201 5394 1253 5450 ret,
1268 5384 1302 5440 ad
1316 5383 1529 5455 perturbandum
1541 5382 1568 5437 in
1580 5378 1749 5436 Narbonensi
1761 5376 1898 5449 provincia
1909 5375 1985 5445 pacis

365 5482 481 5537 liaberet
505 5490 534 5535 et
556 5482 716 5553 peremnia
738 5479 916 5545 voluntatem,
939 5480 1151 5552 discurrensque
1201 5489 1228 5535 ct
1242 5478 1303 5533 ildei
1316 5477 1530 5549 perturbatores.
1544 5472 1674 5529 Summus
1697 5481 1788 5527 autern
1811 5467 1943 5540 pontifex,
1956 5477 1986 5521 ut

366 5588 461 5628 comes
475 5588 525 5643 per
542 5581 642 5628 terram
662 5588 742 5629 suam
761 5574 844 5643 coepit
858 5572 968 5644 gloriari
990 5581 1018 5627 et
1035 5574 1126 5629 dicere
1142 5592 1149 5630 r
1202 5571 1236 5625 ad
1251 5570 1456 5640 exstirpandam
1471 5574 1573 5637 pestem
1586 5564 1753 5627 baercticarn,
1765 5559 1856 5615 fideles
1871 5557 1986 5628 populos

371 5687 380 5716 ι
399 5665 481 5722 lfodo
492 5667 562 5723 bene
574 5675 618 5724 cst
630 5667 708 5734 milri,
723 5667 788 5738 quia
803 5667 920 5737 legatum
945 5665 1031 5721 babeo
1051 5682 1150 5723 secun·
1202 5663 1319 5721 effrcerct
1336 5663 1530 5734 promptiores,
1544 5658 1686 5733 generales
1701 5656 1814 5710 miserat
1830 5653 1936 5708 litteras
1953 5650 1986 5705 ad

367 5763 434 5819 dum
452 5777 501 5818 cor
521 5778 622 5829 nteunr,
640 5763 695 5817 imo
714 5764 772 5831 ipse
789 5775 838 5816 ero
856 5760 971 5830 legatus.
989 5778 998 5811 ι
1020 5758 1073 5814 Sed
1090 5775 1151 5815 om·
1203 5772 1298 5814 onnres
1311 5755 1447 5826 prelatos,
1460 5755 1574 5809 comites
1590 5762 1618 5808 et
1631 5752 1759 5813 barones,
1780 5752 1808 5802 ct
1828 5743 1987 5800 universum

368 5858 414 5913 nia
429 5871 544 5913 euenere
558 5857 695 5913 contraria
709 5866 772 5912 roto
786 5855 870 5922 illius,
887 5856 958 5910 sicut
972 5852 1087 5909 inferius
1104 5870 1152 5910 cx·
1204 5849 1334 5921 populum
1358 5849 1385 5904 in
1408 5862 1491 5918 regno
1512 5845 1635 5900 Fratreiae
1657 5840 1848 5903 constitutum,
1872 5849 1988 5891 monens

368 5952 511 6020 prinrcror.
1204 5939 1348 5997 efficaciter
1358 5948 1385 5995 et
1397 5939 1545 5994 exhortans
1558 5945 1588 5991 ut
1607 5933 1767 5990 festinarent
1791 5928 1825 5986 ad
1847 5925 1987 5982 uindican-

406 6068 477 6134 tt-bl
493 6068 626 6139 Corrupto
641 6068 711 6138 rrpnd
725 6064 885 6124 diaconium
900 6063 998 6136 legitur
1010 6059 1088 6132 fingo
1099 6073 1152 6118 non
1241 6057 1280 6138 (fil
1294 6056 1333 6138 lta
1347 6054 1485 6125 esernplar
1496 6051 1532 6107 lf.
1547 6067 1601 6108 non
1615 6046 1785 6112 flrcoriosinr,
1798 6053 1828 6100 ut
1839 6042 1920 6101 babet
1930 6038 1987 6093 Cia·

374 6141 448 6196 utto.
1207 6145 1303 6187 contus
1320 6144 1346 6182 nr
1362 6125 1455 6181 fnnoc.
1470 6121 1513 6180 lll.
