5125 7059
480 723 519 781 di
1008 720 1145 778 stustitrt
1164 719 1412 779 cntsttottausts
1429 723 1581 783 uniscunt
2074 737 2108 788 l!
2125 680 2127 684 ἱ

487 835 648 891 ursatum?
667 835 723 906 ligo
735 836 835 894 dubius
846 847 898 902 sto,
913 851 946 893 ao
960 838 1096 908 precipue
1118 837 1192 907 quod
1217 845 1321 893 tautum
1344 841 1416 895 iuter
1430 841 1526 896 umbos
1544 842 1625 897 imsee
1646 841 1756 900 codices
1772 859 1838 902 mss.
1857 844 2108 901 dissimilitudinem

487 905 604 988 intuear.
617 905 751 961 Ceterum
767 909 848 977 liujus
864 908 1073 964 mediolanensis
1084 908 1207 964 uictoriae
1220 922 1255 964 ne
1273 910 1325 980 ipsi
1336 910 1445 980 uiridem
1458 912 1578 969 Annales
1591 913 1687 968 ireres
1698 911 1937 983 Cremonensium,
1952 933 2022 987 quius
2038 918 2107 972 inira

482 989 548 1030 sum
559 979 692 1044 editurus,
707 978 741 1033 ad
759 993 861 1033 aurium
878 977 946 1034 tuit
958 979 1151 1035 meminerunt.

907 1384 999 1498 DE
1042 1382 1330 1506 stultiut
1365 1385 1669 1508 tutundit

668 1877 979 1974 TRACTATU
1014 1879 1090 1972 DE
1125 1877 1392 1975 Otttctts
1425 1879 1915 1977 Euctusttsuluts

675 2117 763 2190 matr,
779 2117 903 2189 Spiciicp.
918 2115 1008 2184 ilem,
1026 2123 1093 2173 tom.
1108 2114 1155 2186 lt,
1169 2132 1198 2187 p.
1214 2116 1278 2186 583,
1290 2113 1372 2175 ruat.
1387 2118 1422 2177 ad
1435 2117 1598 2191 Fragmenta
1613 2134 1647 2177 ex
1660 2118 1765 2176 uitreo
1782 2120 1913 2193 sicardi.)

514 2567 620 2622 sicardi
631 2563 751 2635 episcopi
761 2561 969 2627 Cremonensis,
984 2563 1033 2634 qui
1048 2558 1101 2618 luit
1120 2559 1270 2617 iunocentii
1281 2558 1316 2618 lii
1326 2560 1378 2618 tu.
1393 2562 1519 2634 equalis,
1530 2563 1700 2622 Cironicnm
1718 2563 1865 2623 identidem
1877 2563 1996 2623 uidimus
2008 2579 2024 2625 s
2037 2565 2105 2626 Ber·

470 2657 564 2713 riardo
577 2655 710 2713 (luidonis
721 2655 750 2712 iu
765 2653 846 2711 Rom.
859 2655 1020 2726 pontillcum
1035 2653 1120 2722 Vitis3
1130 2654 1204 2724 quod
1215 2657 1325 2711 modern
1340 2655 1508 2713 chronicum
1522 2656 1689 2716 iiuratorius
1708 2661 1736 2715 iu
1751 2662 1867 2731 septimo
1886 2659 1921 2716 ii.
1936 2659 1957 2716 l.
1973 2659 2003 2717 S.
2023 2663 2104 2718 rolu-

476 2752 551 2808 ruine
561 2750 655 2818 edidit,
668 2749 795 2822 doctique
815 2748 937 2820 episcopi
950 2749 1003 2804 alia
1021 2761 1103 2820 opero
1129 2749 1157 2803 in
1182 2747 1343 2819 prelatione
1361 2750 1509 2806 recensuit.
1531 2751 1599 2808 iilud
1621 2763 1711 2809 surrren
1736 2754 1779 2809 nir
1798 2767 1914 2826 urognus
1938 2754 1981 2811 iris
2002 2755 2103 2810 ibidem

475 2844 585 2900 incaute
599 2842 681 2910 dixit,
701 2851 837 2911 putarese
852 2839 960 2908 sicardi
974 2855 1054 2911 opus,
1070 2839 1145 2912 quod
1164 2839 1280 2894 iiitruiis
1295 2839 1385 2911 (iiirer)
1407 2841 1574 2911 isrscriiritur,
1591 2844 1658 2899 uiirii
1680 2860 1742 2902 esse
1765 2844 1838 2899 aliud
1862 2861 1945 2917 quant
1968 2861 2053 2902 uuum
2068 2862 2103 2902 ex

475 2938 622 2997 Cirronicis
645 2950 661 2990 a
676 2934 790 2990 Sicartio
801 2935 922 3005 scriptis.
937 2934 1019 3003 Atqui
1035 2932 1082 2988 aiii
1101 2941 1166 2988 aute
1180 2930 1366 2988 iiuratorium
1382 2931 1483 2990 diserte
1497 2933 1554 3004 ianr
1574 2936 1783 2990 nominaverant
1794 2936 1900 2991 sicardi
1912 2935 2047 2990 liitruieur
2062 2934 2104 2991 uel

475 3032 613 3090 &usurum
627 3028 660 3083 tie
673 3027 774 3097 ciliciis,
785 3026 822 3081 ita
836 3034 867 3082 us
882 3023 999 3079 iiirruiis
1015 3025 1053 3082 sis
1070 3025 1160 3081 dictus
1171 3038 1223 3095 pru
1241 3022 1398 3093 episcopalis
1416 3025 1459 3080 uei
1484 3025 1655 3096 pontificalis,
1670 3027 1891 3097 quandoquidem
1909 3029 2102 3099 episcoporum

464 3127 671 3195 minorumque
686 3121 860 3178 sacerdotum
879 3119 1019 3190 liturgiam
1040 3120 1068 3176 iu
1082 3133 1117 3175 eo
1133 3118 1273 3174 uolumine
1295 3114 1426 3175 Siearuius
1439 3120 1560 3189 exponit.
1579 3118 1684 3189 iieapse
1699 3121 1726 3173 in
1746 3121 1854 3174 duobus
1868 3118 2010 3175 codicillus
2026 3118 2104 3174 i'ati·

474 3218 553 3274 cauis
567 3217 614 3271 iaie
627 3212 796 3285 preponitur
814 3211 889 3282 operi
905 3211 1011 3275 titulus,
1026 3211 1055 3265 in
1071 3226 1127 3266 uuo
1141 3210 1269 3281 quidem:
1284 3207 1384 3278 incipit
1395 3209 1515 3266 iiirrulis
1534 3212 1566 3266 de
1580 3212 1682 3281 officiis,
1703 3211 1789 3265 editus
1805 3228 1821 3265 u
1844 3208 1980 3281 Suciturdu
1993 3210 2103 3268 Cremo·

467 3310 548 3366 *usuri
560 3308 701 3380 episeopo:
717 3305 840 3361 innitere
854 3312 946 3359 autern
963 3299 1085 3372 :iusipit
1095 3298 1164 3356 litter
1181 3300 1226 3371 psi
1249 3298 1367 3355 iiiiruir's
1388 3303 1497 3369 dicitur,
1507 3303 1594 3359 editus
1613 3318 1631 3356 a
1648 3301 1761 3358 Sicurdo
1772 3301 1941 3357 Cremonensi
1958 3305 2102 3372 episcopo:

473 3402 521 3459 ubi
534 3402 692 3457 uarietatem
709 3411 820 3470 quoque
840 3396 985 3466 scripture
997 3394 1123 3452 sitiemus
1145 3392 1299 3465 Suclardss
1319 3404 1347 3450 et
1364 3393 1504 3452 Sicurdus.
1525 3393 1601 3450 lanu
1614 3379 1705 3465 'igitur
1726 3395 1868 3451 liuratorii
1889 3397 1922 3451 de
1939 3403 2102 3467 argumento

467 3502 592 3560 Milesiis
603 3501 733 3572 opinione
743 3499 786 3555 sei
797 3498 956 3567 conjecture
972 3495 1099 3566 depulsa,
1121 3511 1174 3553 nos
1187 3496 1241 3552 iroc
1259 3497 1349 3567 ipsum
1373 3511 1453 3567 opus,
1466 3498 1616 3568 peronneto
1639 3498 1731 3554 inercie
1744 3506 1772 3554 ct
1785 3497 1917 3554 hacteuus
1935 3514 1989 3555 nou
2003 3499 2101 3571 suiga-

473 3593 639 3666 tum,.paulu
652 3591 808 3649 accuratius
819 3589 1017 3646 describemus.
1030 3586 1145 3644 mussas
1154 3587 1229 3644 cuim
1243 3587 1323 3646 libris
1335 3605 1375 3658 tx,
1393 3589 1441 3663 qui
1468 3604 1535 3646 suos
1548 3589 1648 3662 singuli
1659 3590 1761 3646 habeut
1772 3591 1910 3663 prologos.
1923 3590 1995 3647 Sunt
2007 3601 2100 3646 summ

472 3687 503 3746 lii
518 3686 589 3744 tituli
603 3699 651 3741 sett
665 3682 794 3755 capitula.

510 3777 709 3851 (capitulorum
721 3775 832 3838 seriem,
851 3784 935 3844 quam
957 3769 1004 3829 liic
1025 3768 1186 3844 speciminis
1204 3769 1295 3843 maus
1313 3769 1426 3828 exbibet
1447 3768 1626 3830 doctissimos
1647 3769 1747 3842 editor,
1763 3786 1815 3829 uos
1830 3770 1864 3829 ad
1885 3770 1988 3831 calcem
2008 3775 2101 3846 operis

474 3872 665 3930 emundamus.
680 3868 761 3924 Entr.
776 3864 877 3936 Pure.)
957 3893 959 3896 ·

507 3963 594 4035 igitur
606 3960 651 4017 liic
660 3958 785 4015 uidemus
797 3956 952 4013 uberrimos
966 3954 1101 4028 liturgica
1114 3952 1156 4010 rei
1177 3951 1278 4025 lenies,
1290 3968 1362 4029 quos
1375 3953 1479 4013 diutius
1492 3955 1563 4013 intra
1576 3956 1703 4014 codicum
1725 3959 1843 4029 pierres,
1855 3957 1935 4032 qussi
1953 3959 1981 4015 in
1996 3960 2099 4022 natiuis

464 4056 609 4122 caremis,
624 4051 739 4109 detineri
754 4065 838 4122 prope
852 4049 995 4120 iudignum
1014 4056 1058 4104 est
1078 4066 1086 4104 τ
1098 4047 1122 4104 si
1135 4047 1209 4103 euim
1229 4045 1294 4104 intle
1311 4046 1467 4116 eiiciantur,
1487 4062 1584 4104 omues
1598 4048 1673 4103 illico
1686 4048 1733 4119 qui
1747 4047 1781 4103 de
1793 4048 1988 4107 ecciesiasticis
2002 4049 2099 4107 odiciis

464 4147 623 4218 uliquaudo
633 4153 698 4201 suut
709 4142 809 4207 acturi,
821 4155 887 4196 suos
901 4138 1028 4197 hortulus
1040 4137 1207 4210 irrigabun13
1222 4151 1312 4208 neque
1326 4138 1355 4193 iti
1377 4139 1478 4201 solum,
1489 4140 1536 4194 sed
1553 4139 1601 4207 uui
1614 4138 1655 4192 uei
1672 4137 1819 4193 suadebis
1839 4138 1990 4195 dissolvere
2003 4148 2097 4200 arent.

472 4238 517 4294 rel
531 4235 707 4306 antiquitates
723 4232 896 4292 christianas
919 4233 1069 4303 iilustrare,
1087 4233 1278 4305 precipueque
1295 4231 1440 4303 originem,
1456 4233 1591 4300 ordinem,
1611 4246 1639 4288 cs
1659 4231 1765 4302 prosim
1787 4231 1938 4288 oiiiciorum
1952 4248 2095 4291 sacrorum

471 4346 522 4404 per
531 4329 655 4402 singulos
669 4327 735 4383 anni
752 4327 812 4384 dies
825 4341 1001 4400 cognoscere.
1011 4326 1092 4383 Certe
1103 4325 1161 4396 iam
1177 4323 1361 4382 Trombeliius
1382 4326 1410 4381 iu
1433 4325 1594 4382 triensium
1608 4323 1668 4380 suis
1683 4321 1721 4380 De
1734 4322 1879 4393 buptismo,
1895 4334 1915 4393 t,
1933 4324 1954 4393 i,
1971 4341 2016 4396 pp.
2031 4325 2097 4406 did,

471 4420 536 4490 ΩΙ,
558 4421 621 4488 litu,
645 4418 753 4476 sicardi
772 4420 871 4488 nostri,
897 4434 979 4490 quem
1001 4418 1031 4474 in
1050 4417 1149 4475 codice
1173 4416 1341 4474 Bononiensi
1368 4418 1485 4488 legebat,
1509 4418 1717 4473 auctoritatibus
1736 4417 1842 4487 aliquot
1861 4432 1895 4473 ex
1918 4419 1994 4475 iiltris
2015 4421 2097 4476 tertio

472 4524 605 4586 satoque
618 4528 685 4571 usus
706 4521 758 4570 est.
778 4512 838 4585 Epo
858 4527 924 4570 uero
946 4512 994 4584 qui
1013 4510 1122 4569 sicardi
1139 4525 1210 4583 opus
1224 4511 1254 4567 in
1275 4511 1369 4568 codice
1381 4510 1513 4569 liutmun
1534 4513 1649 4567 ilbenter
1663 4512 1794 4575 lectitari,
1809 4512 1853 4566 uix
1866 4512 1932 4567 milui
1946 4523 2097 4583 temperare

375 4680 379 4687 1
472 4619 597 4682 poteram
616 4609 683 4681 quin
694 4614 782 4663 totum
795 4606 867 4678 typis
882 4605 1101 4674 committerem
1117 4604 1192 4677 quod
1214 4619 1281 4661 sane
1301 4604 1447 4662 mediocris
1460 4605 1608 4661 uoluminis
1633 4605 1732 4662 molem
1747 4603 1862 4661 eiiicerct
1873 4622 1880 4672 ;
1893 4612 1930 4669 es,
1942 4605 1965 4660 si
1987 4605 2094 4660 idoucis

475 4701 559 4757 esiam
572 4699 685 4758 scholiis
698 4701 889 4766 adornaretur,
902 4698 969 4769 lusti
979 4700 1071 4771 operis
1082 4697 1199 4766 iormarn
1216 4696 1417 4754 induerentur
1437 4699 1513 4753 euim
1534 4705 1650 4768 uterque
1663 4699 1748 4754 codex
1759 4696 1821 4752 Vat.
1836 4697 1864 4752 in
1879 4694 1938 4763 iol..
1950 4697 2047 4767 spissae
2066 4697 2094 4751 in

472 4793 573 4865 duplici
584 4793 715 4852 laterculo
728 4793 949 4867 conscriptionis,
960 4807 1033 4851 uuus
1046 4791 1157 4865 quidem
1166 4791 1369 4862 integerrimus,
1383 4793 1471 4847 teraris
1482 4791 1567 4847 lerme
1581 4790 1757 4859 Sicerdianae,
1766 4794 1834 4848 aiter
1845 4806 1911 4848 sero
1926 4806 1982 4847 uno
1992 4791 2094 4847 scenio

471 4887 619 4955 posterior,
631 4886 678 4954 uui
695 4888 721 4941 in
737 4885 790 4942 due
804 4901 891 4958 psuea
903 4884 1050 4943 desiderat.
1062 4883 1173 4942 iuterim
1187 4894 1280 4942 umen
1293 4886 1327 4941 de
1338 4884 1400 4940 ritae
1417 4883 1547 4940 breuitate
1560 4885 1684 4957 cogitans
1695 4893 1723 4939 ct
1734 4883 1768 4941 de
1783 4880 1983 4954 impedimentis
1995 4880 2095 4935 uoluu-

471 4978 522 5034 tasi
535 4992 607 5048 sepe
618 4979 810 5047 incidentibus,
824 4989 855 5036 ut
868 4979 974 5038 sicardi
987 4980 1121 5051 ailquida
1137 4994 1181 5035 me
1202 4978 1263 5035 siue
1281 4991 1359 5034 mora
1378 4975 1495 5034 lectores
1509 4976 1636 5043 itabeant,
1652 4991 1739 5048 pauca
1756 4974 2016 5044 eouieeiexeerpta,
2029 4984 2094 5040 quae

469 5071 508 5128 ud
519 5083 598 5127 sacra
608 5070 722 5128 adiicit
735 5072 778 5129 uei
790 5072 825 5131 ad
841 5071 1054 5131 ecelesiasticam
1068 5071 1245 5143 philologiam
1255 5070 1398 5143 potissime
1410 5069 1557 5141 pertinent,
1573 5083 1660 5139 eaque
1674 5069 1793 5140 pretiosa
1808 5064 1988 5138 prudentibus
2000 5061 2092 5118 visum

471 5162 507 5220 iri
519 5161 636 5220 mundo.
653 5161 817 5236 (Sequuntur
835 5165 1019 5238 Frupmenla.)
