5125 7059
357 734 412 791 m
974 729 1136 786 brinate,
1156 759 1191 771 -
1209 729 1273 787 titt.
1295 731 1338 789 lb'.
1910 737 1962 794 lbi

355 857 436 904 creat
451 847 559 905 animos
572 848 607 904 ab
625 846 737 904 aestibus
750 843 974 902 vitiorumb'ibil
996 845 1082 911 magis
1099 846 1174 907 init
1190 845 1285 902 saitem
1314 848 1374 918 ejus
1393 848 1525 919 particula
1553 871 1559 905 :
1588 850 1616 906 in
1639 865 1695 921 quo
1717 849 1832 907 seirinrr
1848 852 1964 923 questio

356 944 429 998 uitat
451 942 560 996 eosdem
575 941 608 996 ad
624 939 759 1011 praeconia
782 939 963 1007 superiorum.
979 934 1057 990 llunc
1070 952 1135 990 can·
1186 939 1291 994 musica
1303 940 1336 994 de
1351 956 1430 996 uersu
1445 943 1556 997 secundi
1573 944 1640 1009 toni,
1656 944 1703 1013 qui
1716 944 1916 1000 terminaturus
1930 946 1963 1014 C,

356 1040 419 1089 tuna
433 1030 555 1105 ignatius
568 1031 752 1087 botinclrenus
767 1031 880 1086 eborum
905 1028 1062 1097 angelorum
1087 1044 1136 1083 au·
1186 1044 1248 1084 cum
1260 1032 1397 1089 sccundus
1412 1049 1519 1103 semper
1531 1034 1557 1089 in
1574 1034 1607 1101 tt,
1627 1044 1655 1090 ct
1679 1035 1797 1091 dicimus
1819 1036 1892 1106 quod
1908 1052 1963 1093 non

356 1125 428 1181 divit
443 1125 470 1180 in
496 1125 653 1181 scelestibus
679 1125 832 1190 alternarc;
851 1121 967 1193 ideoque
994 1122 1034 1177 sic
1059 1136 1136 1175 suam
1186 1129 1229 1176 est
1246 1121 1371 1187 ibilluis,
1387 1124 1475 1178 sedin
1493 1125 1652 1193 repetitione
1677 1125 1862 1193 responsorii,
1883 1141 1966 1197 quem

357 1214 504 1271 eeclesiam
520 1216 675 1271 alternatim
700 1222 812 1269 cantare
825 1212 918 1268 docuit
940 1222 967 1267 et
980 1212 1014 1266 ab
1028 1226 1061 1265 eo
1081 1218 1137 1267 tota
1187 1222 1298 1267 cautum
1314 1213 1474 1269 Ambrosius
1488 1214 1760 1286 primocourposuit,
1774 1224 1801 1270 et
1816 1217 1850 1270 ab
1863 1233 1896 1272 co
1909 1228 1966 1274 tota

357 1305 483 1363 Ecclesia
512 1306 662 1361 altemaudi
695 1303 809 1360 iormam
838 1301 950 1372 acecpit.
983 1301 1137 1371 antiphona
1188 1301 1310 1359 Ecclesia
1330 1302 1445 1361 formam
1467 1307 1580 1375 accepit.
1604 1304 1666 1361 llaec
1681 1307 1773 1361 omnia
1795 1322 1857 1362 cum
1880 1309 1967 1377 gloria

358 1408 424 1453 ante
453 1396 589 1469 psalmum
616 1395 743 1465 incipitur
764 1394 799 1450 ab
820 1411 897 1460 urio,
914 1404 941 1450 et
958 1395 993 1449 ab
1011 1392 1138 1448 omnibus
1188 1396 1377 1452 concludimus
1391 1409 1419 1454 et
1432 1400 1622 1465 terminamus,
1636 1415 1669 1453 eo
1683 1399 1756 1470 quod
1773 1400 1867 1453 onmia
1887 1400 1920 1455 ael
1933 1401 1966 1455 ll·

358 1490 541 1556 terminumn
556 1488 621 1559 quia
637 1488 708 1543 brus
725 1488 801 1558 prius
815 1484 910 1542 dilexit
922 1500 983 1551 uos,
999 1485 1077 1555 cujus
1097 1484 1139 1539 di·
1188 1486 1249 1543 dem
1264 1496 1292 1543 et
1303 1488 1416 1559 gloriam
1431 1487 1573 1544 Trinitatis
1585 1487 1748 1557 reierinrus;
1774 1498 1802 1545 et
1822 1491 1883 1546 ride
1903 1491 1968 1560 quia

358 1578 472 1634 lectioni
486 1577 788 1649 rcspoodcsedebemus
798 1577 832 1630 ⁸⁸.
848 1573 914 1631 ltem
929 1586 991 1631 ante
1004 1573 1140 1645 psalmum
1189 1576 1261 1648 quod
1282 1595 1338 1634 urio
1355 1581 1528 1651 responsorio
1543 1579 1718 1649 praecinente,
1732 1581 1833 1635 chorus
1854 1596 1970 1636 torreor·

358 1668 502 1738 incipitur,
528 1675 590 1739 post
609 1668 744 1739 psalmum
766 1675 822 1722 tota
835 1675 974 1733 cantatur;
995 1665 1059 1737 quia
1075 1674 1140 1721 tuno
1189 1668 1259 1723 diter
1275 1670 1413 1740 sequitur;
1434 1669 1498 1724 illud
1514 1671 1612 1725 astruit
1627 1671 1700 1741 quod
1715 1671 1864 1739 Apostolus
1875 1673 1924 1733 ait,
1939 1678 1970 1725 ut

358 1761 422 1817 laus
438 1770 544 1829 nostra,
557 1760 599 1817 rel
617 1775 700 1830 opera
720 1759 776 1816 lieo
799 1761 916 1831 placent,
929 1761 952 1818 si
968 1758 1140 1816 adcretione
1190 1760 1307 1830 idipsum
1317 1777 1412 1818 omnes
1423 1762 1558 1828 dicantus,
1569 1771 1596 1818 et
1608 1779 1661 1817 non
1677 1762 1735 1817 sint
1752 1763 1780 1816 iu
1796 1764 1874 1819 uobis
1886 1765 1970 1819 sellis·

361 1853 475 1923 incepta
492 1853 520 1908 in
532 1852 687 1910 dilectionis
699 1852 895 1922 plenitudinem
915 1852 1085 1918 terminatur,
1097 1851 1140 1907 rel
1190 1861 1262 1907 mata
1275 1852 1308 1906 ⁹.

358 1944 425 2015 quia
438 1943 557 2000 charitas
569 1945 615 1999 bic
629 1944 769 2011 initiatur,
790 1944 818 1998 in
830 1943 923 1999 tuturo
936 1943 1140 1999 consummabi·
1496 1943 1611 2001 CAPUT
1630 1946 1662 2002 ll.

360 2042 416 2091 tur.
437 2032 540 2089 Neuma
553 2034 579 2088 in
592 2033 645 2089 llne
660 2033 794 2103 significat
802 2034 940 2103 justorum
956 2032 1083 2103 gaudium
1099 2032 1141 2086 in·
1407 2053 1441 2093 pe
1460 2055 1581 2094 essarris
1598 2055 1755 2096 aperueris.

358 2124 479 2191 ebalrile,
490 2123 634 2181 dilectione
648 2124 691 2181 rel
703 2124 918 2194 predicatione,
939 2125 1071 2179 mentium
1092 2123 1140 2177 dc·
1232 2147 1241 2180 r
1263 2128 1291 2183 Si
1308 2129 1334 2184 in
1348 2132 1446 2201 prima,
1461 2140 1487 2186 et
1502 2131 1633 2198 secunda,
1643 2142 1670 2186 et
1683 2134 1760 2186 tertia
1773 2131 1864 2201 uigilia
1880 2128 1972 2184 bumi-

359 2218 489 2284 sotioue,
517 2215 579 2272 tblei
603 2215 796 2287 amplitudine,
812 2230 925 2289 operum
948 2213 1139 2280 exsecutione,
1157 2188 1178 2248 Β
1193 2232 1244 2270 rius
1267 2233 1361 2273 seruos
1382 2219 1525 2289 vigilantes
1545 2220 1688 2283 invenerit.
1712 2220 1784 2275 beati
1808 2230 1873 2275 suut
1898 2218 1971 2272 serri

361 2311 420 2381 spei
436 2309 585 2378 erectione,
601 2308 742 2365 cbaritatis
753 2309 921 2365 dilatatione.
934 2307 1000 2364 Tres
1011 2307 1141 2364 lectiones
1192 2308 1230 2363 illl
1242 2309 1275 2363 ⁶¹.
1292 2329 1301 2360 ι
1316 2308 1344 2363 lu
1357 2311 1525 2365 solemnibus
1542 2326 1605 2366 sero
1616 2311 1724 2375 dicbus,
1738 2322 1768 2366 ut
1783 2309 1933 2364 lioruiuicis
1946 2317 1973 2364 et

361 2402 494 2471 legimus,
511 2401 575 2473 quia
588 2411 643 2458 tres
655 2402 760 2473 uigilias
774 2402 866 2472 posuit
876 2399 1016 2466 bominus,
1027 2400 1140 2457 dicens:
1192 2401 1265 2468 aliis,
1280 2402 1370 2457 noctis
1380 2402 1498 2457 olllcium
1514 2417 1562 2473 per
1586 2411 1641 2459 tres
1655 2413 1805 2458 nocturnos
1828 2402 1973 2470 distingui-

364 2491 424 2547 «st
453 2491 481 2548 in
510 2492 609 2562 prima,
635 2490 658 2547 si
676 2490 704 2546 lu
730 2491 860 2556 secunda,
875 2490 897 2546 si
913 2489 940 2545 ln
954 2490 1141 2563 tertiarigilia
1191 2509 1275 2555 mus:
1306 2494 1444 2550 imitantes
1476 2493 1607 2550 excubias
1639 2493 1759 2549 coelcstis
1787 2490 1973 2557 llierusaleru,

361 2584 480 2649 venerit,
498 2592 525 2640 et
536 2583 573 2639 lta
595 2582 740 2650 inuenerit,
752 2581 823 2638 beati
838 2589 900 2638 sunt
914 2581 984 2638 serui
1009 2582 1047 2637 illi
1062 2583 1105 2650 '⁸3
1128 2600 1139 2634 s
1191 2600 1253 2655 que
1269 2584 1420 2641 edificatur
1435 2593 1465 2639 ut
1486 2586 1583 2639 ciuitas
1595 2585 1629 2650 ⁸⁸,
1646 2594 1673 2639 et
1691 2593 1818 2640 seruatur
1829 2600 1877 2653 per
1889 2599 1974 2654 ange·

359 2692 423 2747 quae
444 2686 500 2734 tres
522 2676 622 2749 rigiliae
652 2686 708 2735 tres
739 2675 883 2748 designant
910 2684 1003 2733 etates
1021 2694 1028 2731 a
1048 2678 1141 2747 pueri·
1192 2678 1281 2732 lorum
1297 2676 1421 2749 uigilias,
1437 2676 1484 2748 qui
1499 2677 1570 2732 terni
1585 2685 1677 2733 ternas
1696 2677 1889 2746 distinguunt,
1908 2677 1974 2731 duur

360 2769 1973 2842 tmstmmmmmmmmMffimmammwmfflwmmfflmmmmwm

360 2861 474 2918 diabolo
487 2862 670 2931 seducantur,
691 2862 760 2920 bene
774 2863 909 2935 uigilando
923 2860 1069 2917 bominum
1085 2861 1143 2916 lau·
1193 2865 1343 2932 tendimus,
1360 2866 1433 2921 unde
1452 2874 1480 2921 et
1494 2866 1555 2936 ejus
1570 2865 1682 2920 nornine
1699 2863 1871 2921 llierusalem
1886 2866 1976 2920 nouri-

360 2952 430 3008 dare
451 2960 586 3009 tenemur.
614 2951 662 3008 Vel
690 2968 739 3025 per
765 2962 823 3010 tres
847 2952 977 3009 lectiones
1002 2950 1143 3007 doctrinas
1193 2973 1301 3023 namur,
1316 2958 1380 3028 quia
1399 2957 1610 3013 illiusuurbram
1631 2958 1844 3029 geriurus;tres
1860 2967 1973 3013 nectur-

359 3040 1975 3121 mmmmmwmmmmmfflumwmmmmmmwfflmm

361 3136 417 3193 bns
441 3136 614 3207 interpollate
634 3135 1013 3206 responsoriadecantamus3
1029 3132 1144 3189 innuen·
1193 3154 1256 3194 rum
1285 3140 1454 3195 consortium
1477 3141 1689 3210 promeruimus.
1709 3141 1751 3196 rel
1767 3142 1907 3196 imitantur
1924 3140 1976 3196 Eo-

360 3238 406 3287 tes
435 3229 509 3301 quod
531 3228 661 3300 quidquid
687 3228 714 3284 in
735 3229 824 3285 tribus
843 3227 920 3284 electi
943 3226 1061 3283 docuere
1075 3233 1144 3281 tem⁸
1194 3229 1284 3286 clesiae
1298 3229 1444 3301 primitivae
1469 3240 1524 3285 tres
1542 3229 1729 3300 interpollatas
1751 3232 1977 3301 excubias,qsaa

360 3324 489 3395 poribus,
502 3330 531 3379 et
543 3321 674 3395 quidquid
685 3337 737 3377 nos
750 3320 777 3376 iu
789 3320 877 3377 tribus
887 3320 1012 3376 aetatibus
1025 3319 1143 3389 agimus,
1193 3329 1237 3375 ter
1251 3320 1278 3375 in
1302 3329 1381 3376 nocte
1396 3319 1527 3391 surgebat
1547 3320 1580 3374 ad
1602 3322 1786 3375 connitendum
1803 3320 1931 3387 bomine,
1944 3329 1978 3375 st

362 3416 401 3473 ad
418 3413 505 3472 muru
517 3414 721 3485 trinitatemque
734 3412 893 3479 referimus,
916 3421 944 3467 et
956 3410 1104 3467 trinitatem
1116 3409 1144 3464 in
1194 3411 1278 3466 liultis
1292 3412 1318 3466 in
1335 3411 1422 3467 tribus
1437 3411 1549 3481 psalmis
1562 3412 1814 3478 tribusuocturnis,
1831 3412 1859 3467 in
1874 3427 1976 3468 aurors

361 3508 430 3576 lide,
444 3522 492 3579 spe
504 3515 532 3563 et
541 3505 674 3562 charitate
688 3504 870 3577 glorillcamus
884 3522 891 3560 ε
905 3503 1019 3574 ideoque
1032 3516 1180 3585 respon-c
1195 3503 1372 3574 compulsatis
1386 3502 1538 3575 campanis,
1554 3512 1674 3560 cautaret
1685 3504 1720 3559 Te
1731 3502 1976 3569 Desmtssdsnrus,

362 3600 440 3657 soria
459 3600 587 3655 dicuntur
599 3613 615 3654 a
626 3597 831 3669 respondcud0;
847 3595 911 3669 quia
935 3596 1053 3652 innuunt
1073 3595 1146 3667 quod
1196 3603 1224 3652 et
1239 3594 1355 3663 laudes;
1376 3605 1404 3651 et
1419 3594 1469 3651 luit
1482 3597 1540 3651 bac
1553 3598 1722 3652 consuetudo
1744 3598 1826 3653 trium
1844 3596 1979 3651 excubia·

363 3692 470 3750 sanctis
482 3690 594 3747 mobitis
617 3688 685 3758 Dei,
699 3704 760 3760 que
773 3689 800 3744 in
813 3687 977 3746 lectionibus
989 3703 1147 3761 proponun-
1196 3703 1257 3743 rum
1272 3696 1415 3758 sumptas
1427 3687 1539 3744 ciuitate
1553 3689 1677 3753 obsessa,
1690 3688 1736 3743 ubi
1748 3688 1833 3743 ternis
1852 3685 1980 3742 excubiis

363 3791 424 3849 tur,
439 3780 517 3838 lactis
531 3780 695 3852 respondere
709 3780 851 3848 debemus,
878 3794 912 3835 ne
935 3778 1039 3835 similes
1059 3780 1146 3837 simus
1195 3777 1230 3833 ab
1244 3776 1391 3835 hostilibus
1406 3788 1519 3835 caretur
1530 3780 1648 3836 insidiis.
1674 3779 1819 3835 Civitatem
1840 3786 1977 3842 nostran,

362 3872 460 3946 pueris
472 3873 499 3928 in
514 3872 575 3929 loro
588 3871 746 3928 ludentibus
759 3879 786 3928 et
800 3871 954 3927 dicentibus
968 3890 975 3927 :
991 3890 1001 3925 s
1015 3871 1146 3927 Cantavi·
1196 3871 1301 3927 scilicet
1316 3869 1477 3939 Ecclesiam,
1489 3872 1618 3929 diabolus
1629 3872 1790 3943 impugnat,
1804 3879 1832 3927 et
1847 3871 1873 3927 ei
1888 3868 1979 3925 maxi·
2016 3873 2018 3878 '

364 3981 431 4021 mus
442 3973 470 4020 et
483 3980 537 4020 nou
548 3963 688 4031 saltastis;
705 3963 926 4030 lamentavimus,
951 3971 979 4017 et
1003 3978 1058 4018 non
1073 3963 1148 4035 plan·
1195 3978 1239 4017 me
1256 3963 1401 4020 insidiatur
1421 3964 1556 4022 innecte.

367 4057 453 4115 xistis
467 4057 512 4111 ¹¹:
531 4056 620 4113 siude
636 4055 764 4127 estquod
787 4055 959 4127 responsoria
985 4056 1148 4125 respondent
1230 4052 1422 4112 Norestenim
1435 4057 1979 4129 peccatisaccommoda;idenqueatten-

364 4145 1148 4216 inmmbmmfflm,mmumumffimm
1196 4147 1981 4219 mummmmswmmemmmmpmmm

364 4240 439 4298 laetis
450 4241 512 4295 laeta
528 4237 709 4296 succinimus.
733 4236 814 4294 Verbi
831 4240 939 4311 gratia,
957 4241 1022 4295 dum
1041 4240 1145 4305 lector,
1195 4241 1304 4296 latentis
1319 4241 1406 4296 hostis
1429 4240 1543 4296 insidias
1565 4241 1711 4297 declinare.
1724 4240 1778 4296 Sed
1796 4256 1858 4296 cum
1881 4250 1975 4311 postea

364 4334 444 4389 velut
456 4331 573 4393 loannes
586 4331 621 4396 ¹¹,
632 4345 687 4386 nou
700 4333 878 4400 manducans,
893 4348 943 4388 nec
956 4332 1061 4398 bibens,
1077 4348 1147 4402 pra·
1195 4331 1329 4386 cbaritate
1343 4330 1504 4402 frigescente
1517 4332 1676 4404 pigritarent
1688 4333 1812 4388 bomiues
1825 4331 1906 4388 toties
1914 4348 1977 4387 sur·

366 4426 444 4483 dicat
458 4424 656 4497 peonitentiam,
678 4432 725 4478 aut
740 4422 888 4479 lamentum
910 4422 1059 4479 bominiece
1086 4439 1148 4494 pas-
1196 4437 1269 4493 gere,
1285 4430 1417 4477 statutum
1430 4432 1472 4477 est
1485 4432 1514 4477 ut
1527 4423 1615 4477 media
1626 4432 1706 4479 nocte
1728 4431 1870 4493 surgerent
1882 4435 1909 4478 et
1921 4432 1975 4477 tres

365 4517 538 4585 aionis;uos
552 4516 862 4588 quoquerespondeudo
873 4515 1027 4587 ploramus,
1042 4526 1070 4572 et
1083 4517 1147 4572 dum
1196 4525 1345 4571 nocturnos
1383 4518 1513 4574 continuo
1547 4516 1732 4571 decantarent.
1770 4513 1838 4570 Tres
1867 4530 1976 4586 quoque

365 4609 467 4676 lecim,
484 4606 667 4664 relutiFillus
687 4608 865 4674 manducans,
880 4619 907 4664 et
922 4608 1038 4673 bibens,
1068 4609 1147 4665 uobis
1196 4608 1323 4663 nocturni
1351 4605 1478 4663 Ecclesiae
1507 4608 1632 4663 militiam
1665 4614 1831 4673 memoratum
1861 4621 1923 4677 que
1945 4605 1974 4660 iu

365 4703 404 4759 de
415 4699 516 4773 gaudio
528 4700 605 4771 regni
620 4702 758 4772 proponit,
774 4716 824 4757 nos
851 4699 945 4756 itidem
961 4703 1148 4772 respondendo
1195 4702 1294 4756 castris
1308 4699 1415 4755 bomini
1433 4699 1484 4755 sub
1502 4700 1589 4756 tribus
1608 4698 1784 4770 temporibus.
1799 4708 1862 4753 aute
1877 4698 1973 4769 legem,

365 4791 520 4865 psallamus
540 4808 547 4847 :
568 4796 612 4846 est
628 4798 718 4846 tameo
733 4790 761 4845 in
772 4805 839 4847 casu
859 4789 937 4847 aliter
951 4790 1019 4847 beri.
1032 4788 1065 4845 Et
1081 4806 1148 4846 con·
1196 4792 1249 4849 sub
1263 4792 1331 4863 lege,
1345 4791 1396 4847 sub
1406 4792 1492 4861 gratia
1507 4790 1631 4846 militarit
1649 4799 1677 4845 et
1697 4789 1806 4844 militat.
1830 4783 1975 4854 Quodlibet

365 4884 460 4943 sidera
481 4880 555 4953 quod
580 4896 643 4939 oum
657 4880 769 4937 uocibus
784 4881 965 4950 modulamur,
985 4880 1148 4952 quandoque
1163 4877 1185 4934 b
1199 4899 1262 4939 uero
1274 4892 1381 4953 tempus
1392 4892 1447 4939 tres
1465 4882 1547 4939 babet
1562 4882 1762 4939 distinctiones.
1777 4878 1897 4949 Tempus
1913 4888 1976 4935 ante

365 4976 510 5049 planetum
531 4971 691 5039 innuimus,
716 4972 881 5045 quandoque
902 4972 1024 5028 letitiam
1049 4986 1148 5043 reprae-
1197 4976 1282 5047 legem
1307 4975 1483 5047 distinguitur
1498 4975 1534 5030 ab
1555 4972 1640 5028 Adam
1665 4987 1752 5042 usique
1781 4970 1815 5025 ad
1828 4969 1896 5033 llos,
1911 4979 1939 5025 et
1958 4984 1976 5025 a

365 5078 520 5128 sentamus.
539 5065 626 5123 llooes
648 5075 738 5122 autem
757 5081 875 5137 graves,
902 5075 989 5120 acutae
1005 5075 1031 5118 et
1052 5078 1148 5133 super·
1196 5066 1253 5122 Noe
1271 5066 1400 5137 usquead
1425 5066 1574 5132 libratam,
1587 5073 1615 5119 et
1629 5063 1663 5118 ab
1683 5061 1817 5117 Abrabam
1843 5058 1976 5131 usquead

366 5169 471 5228 acutae,
485 5159 641 5233 signiticaut
652 5166 707 5214 tres
720 5158 830 5214 ordines
856 5158 982 5212 humanas
1004 5171 1148 5211 conuersa-
1197 5158 1317 5231 lloysen.
1327 5156 1355 5213 ln
1368 5158 1455 5228 prima
1465 5156 1638 5211 distinctione
1648 5155 1791 5225 vigilavere
1802 5154 1881 5217 Abel,
1891 5150 1975 5217 Eoos,

365 5252 467 5319 tionis,
487 5252 590 5309 scilicet
619 5250 826 5323 conjugatorum
840 5249 1038 5305 continentium
1051 5256 1079 5303 et
1097 5249 1149 5301 ulr-
1198 5250 1290 5307 Enoch
1303 5260 1329 5305 et
1344 5247 1573 5318 Lamecb:quod
1588 5248 1745 5315 iuquatuor
1761 5244 1873 5314 psalmis
1886 5241 1976 5295 innui·

367 5347 481 5418 ginum;
494 5344 702 5416 qui'tricesimo,
716 5351 743 5401 et
762 5346 945 5415 sexageslmo,
958 5352 985 5397 et
999 5340 1148 5398 centesimo
1198 5354 1252 5399 sue,
1269 5362 1278 5395 s
1293 5341 1392 5396 Restm
1422 5341 1472 5404 uir,
1491 5359 1501 5393 s
1524 5346 1615 5395 cantat
1631 5335 1698 5392 Abel
1714 5336 1747 5399 ⁸¹,
1764 5334 1977 5405 «quiunquam

367 5436 464 5495 fructu
477 5437 725 5493 remunerabuntur
735 5437 770 5491 ¹’.
787 5435 924 5506 Veliusta
945 5433 997 5489 tria
1009 5432 1147 5488 solumina
1198 5438 1302 5507 lignum
1316 5434 1466 5504 plantatum
1479 5447 1559 5487 secus
1577 5430 1709 5485 decursus
1731 5441 1864 5497 aquarum
1880 5444 1890 5478 r
1904 5425 1978 5480 dedit

369 5528 539 5596 Salomonis,
564 5529 763 5600 incipientium,
784 5528 984 5600 prolicientium
1009 5536 1036 5582 et
1059 5525 1147 5597 perie·
1203 5531 1256 5582 sin
1272 5542 1323 5581 suo
1340 5535 1458 5593 tempore
1480 5521 1593 5593 justitiae
1618 5519 1736 5574 fructum
1751 5516 1784 5583 ⁸⁸,
1812 5514 1910 5569 »dum
1928 5527 1978 5584 pro

368 5634 489 5681 motum
501 5621 549 5680 tet
565 5622 767 5694 responsorium
780 5620 978 5692 dicitur,quia
997 5621 1081 5675 cboru
1102 5634 1148 5673 ca·
1197 5620 1302 5695 iustitia
1324 5615 1509 5672 conservanda
1530 5612 1670 5667 occubuit.
1700 5628 1710 5661 e
1736 5608 1827 5676 Quare
1857 5606 1978 5663 bernus·

367 5715 449 5773 nenti
470 5714 696 5786 responsorium,
719 5729 817 5769 sersus
839 5713 874 5768 ab
888 5727 942 5767 uno
959 5710 1148 5780 respondetur,
1198 5721 1262 5769 runt
1278 5710 1312 5777 ⁸⁸,
1329 5729 1338 5762 s
1356 5715 1446 5764 canut
1469 5705 1541 5760 Eoos
1557 5705 1603 5775 qui
1621 5703 1737 5757 bomino
1758 5702 1785 5757 in
1805 5701 1902 5755 timore
1920 5713 1978 5754 sor·

369 5806 516 5879 ¹1¹¹ielinm
534 5806 760 5871 'militflcllufl
780 5804 909 5877 quonium
938 5803 971 5859 od
1001 5817 1149 5872 responso·
1199 5805 1311 5870 sirit‘⁸,
1324 5803 1388 5858 dum
1413 5816 1511 5856 nomen
1528 5799 1635 5854 Domini
1662 5797 1833 5851 iurocarit.s
1853 5792 1976 5856 llomine,

369 5898 445 5957 riam
469 5898 583 5954 vertitur
606 5906 637 5953 ut
652 5906 737 5953 totum
753 5896 956 5967 responsorium
971 5895 1092 5953 iteretur.
1108 5894 1149 5949 rel
1200 5899 1266 5970 quid
1281 5893 1449 5965 multiplicati
1468 5902 1532 5950 sunt
1548 5892 1581 5959 ‘',
1600 5910 1609 5943 r
1625 5898 1716 5946 multat
1730 5887 1822 5944 Enosis
1840 5886 1875 5954 ⁸⁸,
1895 5900 1977 5956 quent

407 6076 559 6134 '’linan.
581 6080 608 6134 t.
645 6077 749 6135 “bue
775 6078 817 6135 ts.
855 6077 1045 6134 ”llattlutb
1084 6078 1212 6133 ”ttarm
1238 6078 1264 6132 ὅ.
1302 6075 1438 6130 '’blaub.
1460 6075 1502 6129 13,
1554 6071 1693 6129 “leon
1720 6072 1749 6128 l.
1797 6066 1905 6125 “bae
1931 6064 1976 6121 il.

371 6148 563 6204 0¹rrat.ttt.
603 6149 758 6204 ⁶=r;··„,s.
797 6147 948 6206 “usati
986 6147 1132 6204 'wrote
1173 6148 1315 6203 *rueret
1356 6143 1506 6200 ‘’Psattn
1546 6143 1695 6199 ‘'Genb.
