5125 7059
1008 710 1124 771 tubus
1141 712 1342 772 numurus,

1925 718 1978 776 ott

359 834 454 890 sedem
481 833 586 904 antiqui
610 835 686 906 regni
709 834 771 900 sui,
793 831 936 895 Ecclesia,
966 846 1027 901 quse
1052 832 1183 890 secumA
1230 825 1310 883 'l'unc
1326 827 1514 885 Antichristus
1529 829 1642 887 veniens
1656 839 1719 888 ante
1740 833 1832 889 sedem
1847 834 1979 907 regitis.

358 924 542 981 descenderat
562 924 776 999 lerosolymam,
801 927 830 982 in
853 934 955 992 tempto
976 928 1142 977 remetiente.

360 1014 439 1071 Tttnc
454 1032 516 1072 cum
532 1017 654 1074 Eccicsia
665 1027 693 1074 ct
707 1017 851 1075 Gentiiitas
865 1025 892 1074 et
906 1016 1048 1088 §sinagoga
1063 1015 1145 1069 sicis-

359 1106 412 1160 sim
428 1115 552 1172 cantant,
566 1117 594 1162 ut
608 1123 701 1179 supra.
717 1108 870 1165 Procedant
880 1108 1030 1172 nrpocrite
1040 1105 1092 1160 sub
1106 1104 1145 1159 si·

360 1198 446 1257 tentio
458 1208 486 1256 ct
498 1202 589 1271 specie
602 1201 776 1266 humititatis,
793 1201 959 1257 inclinantes
971 1201 1147 1268 circumqua-

360 1302 414 1357 que
438 1298 466 1345 et
481 1299 624 1362 captantes
648 1291 768 1348 tatonem
789 1290 932 1347 laieorum.
952 1290 993 1344 td
1021 1289 1145 1344 ultimum

359 1394 458 1438 omnes
476 1383 641 1437 conueniunt
655 1393 718 1440 onte
732 1384 894 1447 eeclesiam,
916 1392 942 1438 ct
960 1383 1051 1438 sedem
1074 1380 1145 1452 regis

1194 921 1340 992 rosotyrnn·
1352 929 1444 976 cantat
1462 921 1496 976 ad
1513 920 1672 994 hypocritas
1689 941 1696 979 ι

1266 1012 1349 1078 Quem
1365 1011 1414 1067 suh
1425 1012 1550 1067 Ecriesirc
1566 1016 1664 1084 premio
1685 1016 1837 1083 concepistis

1263 1103 1360 1174 Lonpt's
1375 1105 1524 1168 conatibus,
1539 1122 1579 1158 nte
1594 1107 1700 1160 turtdcnt
1715 1110 1852 1177 pertristis.

1263 1195 1412 1250 aratam
1425 1197 1515 1265 initur,
1532 1214 1612 1268 repna
1623 1198 1778 1267 tubicinatio.

1264 1286 1397 1353 Deponunt
1408 1297 1505 1353 cetera,
1519 1305 1585 1344 ιιιιιι
1592 1290 1659 1359 jors
1669 1290 1784 1346 dictabo.

1228 1374 1307 1433 'i'unc
1318 1388 1450 1433 exeuntes
1458 1377 1484 1433 ei
1499 1379 1639 1447 superiora
1652 1380 1809 1436 indumenta
1820 1379 1974 1438 ascendunt

358 1471 545 1546 ierosolymae.
561 1474 613 1543 Qui
629 1490 677 1533 eos
692 1477 806 1533 honeste
828 1475 1027 1546 suscipientes
1042 1482 1100 1527 toto
1115 1487 1145 1528 se
1193 1468 1327 1537 expositis
1342 1470 1451 1540 gladiis.
1463 1478 1491 1527 et
1505 1471 1674 1540 deponentes
1689 1489 1780 1541 repom
1792 1471 1978 1546 ierosolymo-

360 1564 459 1619 subdet
474 1580 568 1620 eorum
584 1567 711 1623 consitio.
725 1564 822 1621 Statim
837 1564 989 1636 ingreditur
1004 1561 1144 1618 Antichri·
1194 1573 1254 1612 rum
1269 1567 1405 1614 coronant
1419 1560 1800 1619 Antichristnnr.actitantes:

359 1666 420 1711 stus
443 1658 497 1714 sub
520 1659 571 1715 aiis
592 1658 706 1715 indutus
726 1660 856 1723 ioricam,
874 1657 1068 1712 comitantibus
1081 1670 1143 1709 enm
1264 1648 1503 1708 Firsnetsrntanss
1515 1661 1573 1717 tna,
1585 1662 1610 1708 et
1622 1655 1870 1710 ecettetsrdeetera
1885 1665 1940 1710 ιιιι.

359 1746 504 1818 iitpocrisi
522 1764 537 1803 ι
551 1749 667 1814 dextris,
684 1760 711 1807 et
727 1749 829 1806 ttaerest
843 1763 859 1803 a
874 1747 1013 1812 sinistris,
1030 1746 1064 1802 ad
1077 1762 1145 1817 qum
1229 1744 1308 1801 Trrnc
1321 1761 1369 1801 rex
1387 1743 1565 1818 ierosolymis
1590 1747 1720 1803 ascendat
1744 1749 1778 1803 ud
1794 1763 1885 1819 regem
1905 1745 1976 1802 Teu·

358 1840 419 1910 ipsc
433 1848 526 1894 contat
541 1855 548 1893 ι
1195 1837 1347 1891 ιιιιιίιιιιιιιιι
1362 1836 1437 1893 sotus
1451 1843 1566 1893 cantans
1582 1854 1589 1892 ι

431 1933 485 1988 lter·
497 1936 569 2005 requi
583 1937 651 1989 sepit
663 1935 740 1992 nora,
1263 1929 1390 1997 Deceptus
1400 1928 1503 1997 swain
1514 1945 1561 1998 prr
1572 1945 1642 1998 spent
1655 1929 1792 1988 honorum.

431 2024 484 2080 Per
497 2042 541 2080 nos
555 2043 616 2096 erpo
631 2028 688 2081 sine
698 2041 775 2081 mora
1263 2021 1331 2077 Ecce
1345 2020 1475 2076 destituor
1490 2021 1791 2092 [rauderinauiatorunt.

431 2114 511 2179 Fiet,
527 2126 557 2168 at
567 2116 739 2171 conscendam
752 2117 824 2187 repni
834 2116 952 2173 sotiani:
1262 2113 1345 2183 iteam
1363 2113 1472 2184 [arripio
1483 2113 1610 2181 putabant
1624 2114 1710 2170 henin.

429 2206 599 2263 bertrandus
613 2207 714 2274 adoret,
728 2217 754 2262 et
767 2224 819 2262 non
833 2207 927 2265 atiena.
1263 2203 1295 2260 Si
1307 2214 1392 2260 essent
1408 2205 1501 2260 tatium
1514 2205 1607 2260 edictis
1622 2205 1756 2260 ordinata.

436 2295 487 2351 i'or
502 2297 616 2365 adaptas
630 2298 754 2367 connoci,
1262 2297 1375 2352 Romani
1385 2298 1510 2352 ceintinis
1521 2297 1585 2351 darn
1598 2313 1668 2353 esses
1680 2297 1833 2363 adsecutus,

434 2382 486 2438 i'os
497 2383 532 2437 ad
543 2390 591 2439 hoc
604 2384 736 2456 bscarnae
748 2384 812 2454 [oei.
1264 2389 1319 2444 ssu
1334 2390 1431 2444 itenere
1446 2391 1528 2460 tinuit
1539 2389 1667 2445 Baetesitc
1684 2401 1781 2447 statua.

430 2474 498 2530 Ecce
507 2476 584 2530 tabor
594 2486 686 2539 tester.
701 2485 727 2532 et
741 2476 875 2533 industria
1262 2480 1341 2536 It'stnr
1351 2492 1404 2536 tttrc
1416 2494 1506 2543 natens
1522 2492 1561 2536 est
1576 2483 1676 2536 maium
1688 2483 1874 2549 discessioni&

430 2568 472 2621 rtd
486 2569 534 2624 hoc
549 2569 612 2624 mihi
626 2580 687 2625 stret
705 2572 862 2626 neccssaria.
1266 2575 1339 2646 i'ipct
1349 2575 1480 2645 pestifere
1496 2576 1538 2630 ier
1547 2576 1752 2645 superstitionis.

430 2659 473 2714 En
484 2660 619 2716 Cisrirtttns
632 2673 720 2732 penus
732 2662 873 2729 honorant,

436 2751 599 2806 Venerantur
611 2763 636 2806 et
651 2751 776 2810 ιάιιιιιι.

430 2844 498 2915 Ejus
511 2861 572 2915 erpo
585 2845 668 2899 delete
678 2846 842 2912 nemoriani,

432 2936 464 2992 in
476 2955 517 2991 nte
526 2954 603 2992 strant
617 2939 803 3009 transferentes
815 2941 938 3012 planant.

393 3031 436 3086 Ad
449 3031 621 3103 liypocrisiut
638 3048 645 3083 :

431 3123 464 3178 in
479 3135 504 3178 te
516 3142 584 3195 pono
597 3123 809 3194 fondamentum.

394 3216 436 3272 nd
450 3217 580 3273 baeresim
597 3234 604 3270 :

433 3307 484 3363 Per
500 3317 525 3362 te
538 3308 583 3378 piet
597 3309 794 3367 incrementare.

394 3400 437 3456 nt
453 3401 622 3473 hypocrisim
640 3420 648 3457 t

432 3495 472 3549 Τιι
482 3496 596 3564 iacerem
613 3496 741 3551 inicorum
754 3506 870 3552 restrae.

360 3585 403 3642 Ad
418 3585 569 3644 flaemsitn:

432 3679 471 3734 Τιι
482 3681 630 3737 doctrinam
643 3679 799 3736 clericorum
807 3679 922 3739 destrae.

396 3769 474 3827 Tunc
490 3773 543 3828 itte
562 3793 569 3830 :

432 3864 484 3920 Per
499 3883 545 3920 nor
555 3865 669 3922 rnsndus
685 3865 733 3922 tihi
747 3866 855 3921 credet:

431 3961 534 4016 Nomen
549 3960 650 4017 Christi
662 3961 710 4016 tihi
722 3961 803 4017 cedet.

396 4051 577 4124 flypocrisis:

1160 2183 1181 2238 ii

1228 2667 1338 2723 interim
1363 2667 1513 2739 hypocrite
1539 2669 1698 2724 conducunt
1719 2669 1919 2724 Antichristum
1947 2672 1976 2726 in

1193 2761 1323 2831 temptum
1336 2759 1454 2824 Domini.
1469 2769 1603 2831 ponentes
1620 2761 1656 2816 ibi
1673 2761 1801 2815 thronum
1816 2776 1908 2817 strum.
1923 2761 1977 2816 hc·

1193 2855 1276 2911 etesia
1288 2869 1362 2918 tero,
1378 2869 1440 2924 quse
1455 2853 1491 2908 ibi
1503 2863 1683 2914 remanserat,
1694 2859 1788 2906 mutto
1802 2855 1978 2910 contumetiis

1192 2955 1220 3000 ct
1235 2945 1393 3001 verberibus
1416 2943 1511 3001 edecta
1527 2944 1626 3000 restibit
1646 2944 1681 3000 ad
1703 2945 1794 3000 seriens
1815 2945 1974 3015 ttpostoiici.

1175 3032 1178 3038 '
1193 3036 1271 3091 Tunc
1286 3035 1475 3092 Antichristus
1490 3035 1590 3108 diriget
1610 3036 1725 3093 nuntios
1742 3053 1808 3094 sttus
1823 3037 1857 3093 ad
1879 3038 1975 3110 tingu-

1194 3129 1235 3185 irs
1247 3144 1324 3200 reges
1339 3129 1497 3185 ttreemmn
1513 3131 1609 3185 dicens
1625 3148 1632 3185 ι

1263 3220 1344 3277 Scitis
1361 3222 1488 3277 diuinitas
1503 3222 1536 3276 at
1550 3222 1599 3277 hoc
1614 3222 1735 3278 nunciis
1751 3223 1855 3282 datum.

1266 3313 1300 3369 iit
1320 3331 1366 3384 per
1378 3331 1467 3370 omnes
1478 3314 1588 3369 habeam
1601 3324 1686 3370 terras
1701 3317 1888 3385 principatum.

1262 3406 1305 3462 Ad
1317 3407 1365 3460 hor
1377 3405 1483 3461 idoneos
1494 3407 1628 3460 ministros
1641 3423 1685 3461 nos
1698 3405 1774 3473 eleni,

1156 3530 1179 3589 e
1264 3497 1315 3554 Per
1321 3515 1386 3570 quos
1395 3508 1465 3554 totas
1480 3498 1594 3552 mandas
1609 3497 1739 3552 subdatur
1753 3508 1849 3551 stertere
1863 3497 1923 3569 tepr.

1265 3593 1337 3648 Hinc
1350 3593 1436 3663 primo
1448 3593 1572 3647 terminos
1587 3590 1739 3646 Grnrorunt
1754 3601 1887 3660 occupate.

1264 3680 1370 3738 Grecos
1382 3682 1537 3749 ιιιιιιίιιιι,
1552 3692 1599 3737 ast
1614 3683 1682 3737 detto
1696 3685 1844 3753 sahjspate.

1230 3773 1281 3842 Qui
1300 3776 1440 3832 venientes
1463 3774 1497 3830 ad
1513 3790 1604 3846 regern
1625 3774 1781 3832 Grecorum
1798 3782 1912 3830 cantant
1928 3788 1976 3830 co·

1195 3884 1252 3921 rarat
1268 3881 1321 3922 eo:

1263 3959 1329 4023 iter,
1343 3959 1390 4014 tihi
1400 3960 1474 4016 satus
1489 3962 1523 4017 sit
1535 3978 1552 4016 a
1566 3961 1697 4016 sniuatore

1266 4051 1378 4118 Nostro,
1390 4070 1479 4125 repant
1492 4063 1517 4109 et
1531 4057 1613 4111 totins
1627 4055 1699 4110 orbis
1713 4065 1822 4118 rectore,

1265 4145 1330 4212 Qui,
1341 4147 1410 4199 sicat
1420 4160 1453 4200 ιι
1464 4143 1611 4214 Scriptnris
1623 4145 1720 4202 mando
1732 4147 1784 4214 [sit
1798 4147 1957 4215 promissas,

1265 4236 1404 4292 Descendit
1417 4235 1450 4290 de
1465 4237 1538 4292 cretis
1549 4238 1583 4292 air
1598 4253 1658 4293 arce
1675 4237 1765 4292 Patris
1780 4239 1888 4294 ntisrtts.

1266 4325 1317 4381 ttte
1334 4343 1435 4397 sernper
1451 4328 1519 4383 idern
1532 4346 1641 4384 manens
1657 4333 1685 4383 in
1700 4329 1817 4396 Deitate,

1263 4420 1307 4475 Ad
1320 4423 1401 4475 nitarn
1412 4439 1462 4476 ssa
1478 4439 1525 4478 nes
1541 4424 1634 4479 inuitat
1643 4427 1740 4492 pietate

1267 4511 1319 4567 ttae
1330 4530 1357 4569 se
1375 4514 1430 4568 nsit
1443 4532 1460 4569 a
1474 4519 1575 4572 mnrtt's
1586 4527 1614 4571 ut
1625 4517 1708 4573 iteam
1723 4519 1851 4582 venerari,

1265 4605 1301 4661 m
1314 4624 1331 4661 a
1348 4617 1402 4663 toto
1414 4608 1513 4664 mundo
1522 4610 1631 4680 reiciet
1647 4608 1764 4664 meren.

1267 4697 1356 4768 Bajas
1370 4699 1448 4754 edicti
1460 4701 1575 4770 [ormam
1590 4703 1614 4756 si
1625 4711 1652 4756 tu
1666 4703 1823 4771 preteribit,

1266 4787 1301 4843 in
1312 4806 1356 4843 ore
1365 4789 1449 4860 aladii
1462 4807 1521 4845 cans
1535 4793 1588 4845 titis
1603 4792 1735 4849 interibis.

1157 4877 1178 4932 b
1227 4876 1333 4950 Quibus
1347 4884 1415 4940 itte:

1263 4973 1385 5031 Libenter
1393 4975 1500 5032 echites
1512 4979 1566 5049 repi
1578 4979 1748 5048 inmutatum,

1263 5067 1347 5135 Quem
1362 5078 1436 5124 tanto
1446 5069 1534 5142 dicitis
1545 5071 1643 5127 horrore
1657 5072 1839 5133 ssitimattmt.

432 4167 505 4222 Nan
518 4184 565 4238 per
578 4185 619 4223 nte
635 4168 752 4238 sanorem
768 4167 868 4224 dabant
879 4169 951 4225 iaici.

398 4263 517 4320 Heresis
533 4279 540 4315 :

431 4379 466 4433 Et
479 4395 525 4448 per
539 4394 579 4432 nte
594 4376 728 4433 Christano
740 4376 869 4448 nepaittnt
880 4378 978 4435 clerici.

395 4494 474 4551 Tunc
489 4493 644 4563 precedent
657 4507 720 4548 eunt
734 4494 796 4564 ipso
808 4495 939 4566 paulatim
956 4507 1097 4568 sequente.
1113 4499 1146 4554 m

362 4593 505 4658 postquam
519 4585 645 4639 venerint
659 4591 723 4639 ante
744 4585 836 4640 sedem
861 4587 934 4657 regis
954 4584 1144 4659 ierosolymae,

362 4678 521 4750 Hypocnsis
547 4677 702 4733 insusurret
729 4676 879 4748 hypocritis
906 4680 1075 4735 annuntians
1105 4680 1146 4737 eis

361 4771 507 4825 adtentum
532 4767 704 4825 Antichristi.
729 4767 781 4834 Qui
809 4768 901 4824 statim
921 4777 1068 4826 occurrent
1092 4771 1144 4827 sibi

361 4869 527 4918 cantantes:

433 4972 519 5028 Sacra
532 4970 624 5041 reiipio
633 4968 740 5040 jamdiu
751 4970 882 5027 titubasti.

432 5063 545 5119 latrent
556 5063 702 5117 Ecclesiam
713 5064 818 5118 sanitas
828 5067 972 5133 comparit.

435 5153 532 5226 thsid
541 5154 653 5224 perditio
665 5168 712 5225 per
725 5153 795 5207 ciros
807 5151 981 5222 meteretur?

431 5248 502 5303 hess
514 5266 565 5302 non
575 5248 662 5318 ditipit
673 5246 812 5304 sentiam
827 5249 963 5315 pretores.

432 5340 550 5397 Ascende
563 5341 679 5395 culmina
693 5341 771 5412 cepio:
786 5343 934 5408 potestatis.

431 5433 486 5492 Per
497 5445 523 5490 te
534 5436 652 5504 reliquie
665 5445 798 5491 ιιιιιιιιιιιιι
807 5438 952 5490 namucus.

395 5526 475 5585 Tunc
487 5528 674 5584 Antichristus
689 5544 696 5579 ε

434 5620 571 5688 Quomodo
584 5620 629 5690 fiet
642 5618 708 5677 hec!
723 5618 779 5691 Epo
791 5636 850 5675 ιιιιι
863 5621 902 5675 rir
915 5621 1029 5692 innotans.

396 5710 475 5768 'l'unc
490 5712 543 5784 ipsi
559 5727 567 5764 τ

433 5802 535 5859 Nostro
548 5804 658 5860 consitio
674 5800 787 5859 rnstndus
802 5803 899 5875 {audit
913 5812 995 5861 totns.

432 5894 490 5950 Nos
505 5897 686 5965 empuriense
696 5896 812 5963 [seoretn
828 5895 968 5950 taicorstn.

433 5983 512 6039 iisne
524 6000 570 6054 pes
584 5995 610 6039 te
621 5994 729 6039 corrsst
741 5984 862 6039 doctrina
875 5984 1042 6042 ciericorsnt.

434 6075 541 6131 Nostris
556 6077 664 6131 mitiis
680 6076 877 6132 beneticensnt
891 6080 1040 6148 mennatis.

434 6168 538 6224 Tastris
552 6170 652 6224 eteritis
664 6179 759 6224 cetera
772 6170 976 6227 ronssrnrnshis.

1265 5158 1360 5216 Honor
1372 5160 1446 5216 estet
1458 5160 1544 5230 pieria
1554 5162 1603 5217 tati
1616 5164 1731 5227 odedire,

1264 5249 1335 5305 distic
1350 5261 1405 5307 tota
1419 5261 1503 5307 tnente
1517 5253 1638 5309 desidero
1653 5257 1760 5310 seruire.

1228 5343 1262 5399 Et
1279 5345 1332 5400 hoc
1346 5346 1449 5401 iternns
1465 5346 1540 5402 renit
1554 5347 1588 5401 ad
1608 5349 1781 5417 praesentiant
1795 5347 1975 5419 Antichristi,

1192 5442 1220 5491 ct
1235 5441 1311 5491 stans
1323 5450 1415 5490 coram
1430 5451 1463 5490 eo
1480 5443 1572 5491 cantat
1584 5453 1591 5491 :

1265 5530 1324 5584 Tibi
1337 5531 1462 5600 profiteor
1476 5529 1554 5584 decas
1570 5529 1717 5598 imperiale.

1264 5621 1324 5688 Quo
1337 5621 1384 5674 tihi
1398 5621 1522 5684 ursiana,
1529 5619 1577 5689 jes
1588 5621 1693 5688 portato
1706 5619 1804 5690 repnte.

1228 5711 1262 5768 m
1275 5711 1346 5768 dexo
1363 5728 1445 5782 genu,
1461 5711 1540 5768 citent
1554 5712 1578 5766 ci
1596 5725 1736 5766 coronato.
1753 5709 1830 5766 Tunc
1843 5711 1979 5768 Antichri-

1193 5815 1253 5871 stus
1265 5803 1416 5874 depingens
1431 5805 1545 5874 primam
1559 5803 1676 5858 litteram
1692 5802 1810 5857 nominis
1819 5802 1860 5857 sui
1870 5803 1938 5872 regi,
1950 5810 1978 5858 et

1194 5898 1321 5952 omnibus
1335 5897 1394 5952 suis
1406 5897 1433 5951 in
1449 5896 1550 5960 tronto,
1565 5903 1594 5952 ct
1604 5909 1735 5950 wronam
1746 5897 1770 5949 ei
1785 5895 1812 5948 in
1827 5895 1916 5964 eapite
1932 5910 1978 5950 rc·

1194 6004 1299 6062 ponens
1312 5996 1404 6043 cantat
1420 6008 1426 6043 :

1268 6081 1331 6137 Vite
1340 6099 1386 6153 per
1398 6082 1525 6152 oratiam.
1536 6091 1561 6137 et
1576 6084 1680 6153 sssripe
1694 6081 1828 6146 honorem,

1266 6174 1336 6230 Dan
1347 6193 1388 6232 nte
1401 6176 1564 6246 reconnorcis
1576 6187 1727 6231 sanctornm
1735 6187 1890 6229 creatorem.
