5125 7059
466 742 518 799 bib

464 866 554 922 eraut.
573 847 715 912 aFran'cia
730 851 841 902 rcncrat
850 839 1060 895 Carcassonam.
1074 825 1150 880 hdeo
1162 818 1249 889 siqni-

465 954 528 1009 dem
541 949 669 1004 ardenter
690 943 760 999 sicut
774 935 895 990 diximus
909 923 1012 982 Christi
1031 917 1171 988 negotium
1185 911 1248 966 dili·

466 1047 556 1120 qebat.
567 1039 639 1112 quod
655 1054 670 1093 a
682 1031 816 1107 principio
828 1021 940 1096 negotii,
951 1015 1102 1090 predicans
1111 1023 1159 1080 per
1169 1004 1252 1059 Fran·

467 1139 538 1192 ciam
554 1132 732 1188 discurreret.
752 1123 790 1178 llli
811 1127 902 1174 autem
922 1111 1066 1182 quierant
1090 1103 1117 1157 in
1141 1097 1252 1153 civitate

468 1228 658 1286 carcassonne,
677 1219 704 1273 in
718 1222 792 1270 tanta
805 1204 961 1263 turbatione
975 1205 1055 1254 erant
1078 1189 1160 1265 positi
1173 1197 1200 1242 et
1217 1184 1252 1239 ti-

470 1333 558 1384 more,
576 1312 651 1385 quod
674 1308 753 1382 quasi
778 1302 888 1375 penitus
910 1297 1098 1362 desperantes,
1125 1285 1158 1340 de
1189 1280 1253 1349 luga

473 1406 666 1468 tantummodo
679 1398 846 1472 cogitabant.
862 1383 1043 1445 Circumclusi
1052 1377 1164 1451 quidem
1177 1380 1255 1429 orant

470 1517 507 1560 ox
535 1497 610 1555 ontni
638 1500 727 1565 parte,
741 1488 855 1543 infinitis·
866 1491 892 1537 et
903 1472 1061 1534 fortissimis
1071 1465 1199 1527 inimicis,
1209 1461 1256 1517 sed

472 1597 517 1651 rir
542 1591 661 1655 rit-tutis,
678 1589 705 1642 in
719 1587 766 1640 illo
788 1581 835 1653 qui
851 1592 914 1633 cum
930 1562 1256 1629 tentationibusdatpro·

472 1697 596 1751 rentum,
610 1691 700 1738 metus
712 1688 737 1734 ct
748 1672 940 1745 depressiones
953 1677 1059 1728 eorum,
1071 1655 1184 1713 tironitis
1194 1666 1260 1722 ique

475 1782 540 1840 tidie
558 1776 725 1834 salutaribus
737 1767 889 1836 rrritigabat.

752 1855 868 1914 Chl’b'T
887 1849 985 1907 XXlX.

509 1958 586 2012 ttern
600 1954 728 2008 liebertus
747 1943 964 2001 llutos-Vicinus
977 1955 993 1993 o
1008 1936 1082 1990 eurio
1099 1931 1227 1986 llorrtmm.

514 2045 680 2116 Supervenit
698 2044 781 2096 etiarn
797 2038 892 2092 eodem
904 2043 1028 2101 tempore
1051 2025 1188 2080 liebertus
1205 2018 1262 2072 lla·

479 2138 668 2199 lus-licinus,
686 2133 762 2204 «qnia
789 2130 890 2184 comite
908 2124 999 2178 luerat
1023 2112 1262 2174 missnsllomam.

478 2233 558 2288 miles
569 2229 672 2285 Christi
685 2221 884 2285 trobilissimus,
897 2217 938 2271 rir
953 2213 1029 2269 mirae
1041 2205 1195 2282 probitatis,
1207 2216 1266 2271 per·
1282 2211 1302 2265 p

479 2326 557 2378 lectae
567 2320 699 2383 scicntiae,
714 2308 938 2384 incomparabilis
948 2302 1091 2365 bonitatis,
1105 2297 1179 2370 quia
1194 2290 1265 2347 mul-

480 2414 608 2472 tisannis
626 2409 728 2465 Christi
747 2403 867 2462 servitiis
878 2401 1044 2469 exposuerat
1065 2398 1134 2446 sect
1160 2399 1221 2450 aua,
1239 2390 1265 2435 et

481 2510 619 2580 praecipue
632 2503 772 2569 negotium
785 2494 857 2552 istud
877 2487 1071 2547 ardentissime
1087 2490 1115 2537 et
1135 2475 1265 2535 efficacis·

481 2601 551 2657 sime
562 2593 751 2669 promerebat.
765 2588 816 2644 llie
832 2595 875 2643 est
896 2584 969 2639 enim
982 2579 1037 2643 ille,
1050 2590 1097 2646 per
1111 2585 1192 2643 quent
1206 2574 1268 2638 post

483 2692 570 2749 beum
592 2703 648 2760 pre
662 2683 768 2741 caeteris
784 2659 1015 2750 reviguitthristi
1030 2666 1139 2731 militia,
1153 2662 1225 2718 sicut
1241 2659 1267 2712 in

483 2780 661 2854 sequentibus
680 2775 867 2832 ostendemus.

765 2881 879 2940 esent
906 2876 993 2933 XXX.

485 2987 586 3043 Acerba
618 2996 689 3036 ntors
722 2975 904 3032 cirterciensis
935 2964 1168 3028 arrhinmndritoe,
1193 2973 1272 3030 prope

700 3050 894 3105 carcassonam
922 3038 1060 3097 trucidati.

524 3149 564 3204 Eo
591 3157 715 3216 tempore
742 3154 835 3197 comes
862 3135 950 3198 l'rtsi,
977 3126 1124 3202 quemdam
1149 3122 1273 3178 abbatem

488 3239 679 3301 cisterciensis
695 3234 801 3290 ordinis
819 3232 853 3286 de
868 3224 986 3300 quadam
1011 3222 1092 3275 donno
1109 3217 1180 3272 inter
1193 3211 1275 3266 Tolo-

995 707 1097 770 herm
1118 699 1243 761 t'sttts
1262 690 1401 754 CEllNhll
1422 679 1575 743 lth'nClll

1263 823 1286 878 Α
1302 825 1377 868 ntum
1396 799 1572 862 traditorem!
1591 793 1647 849 h'ee
1658 790 1794 849 silendum
1809 784 1882 857 qnod
1897 794 1971 850 sepe
1983 791 2091 834 memo·

2037 657 2090 713 580

1301 913 1379 958 ratus
1393 893 1540 957 homicida,
1556 888 1648 944 dirina
1671 881 1784 953 legitimi
1805 877 1907 948 iudicis
1921 871 1970 926 bet
1988 869 2092 925 ultione

1303 1005 1460 1065 percussus,
1484 984 1618 1055 sanguine
1642 979 1798 1035 occisorum
1824 979 1919 1028 contra
1941 967 2033 1037 ipsum
2058 958 2091 1015 ad

1303 1086 1388 1141 heum
1403 1085 1437 1138 de
1453 1091 1527 1135 terra
1540 1080 1676 1133 clamante
1691 1068 1769 1136 (Gen.
1785 1067 1834 1136 tr),
1853 1061 1968 1118 sortitus
1980 1065 2025 1112 est
2037 1066 2095 1109 suta

1303 1176 1474 1235 crudelitatis
1495 1169 1672 1227 mercedum:
1697 1161 1746 1232 qui
1766 1159 1840 1215 cuim
1866 1154 1933 1209 siris
1956 1144 2094 1217 religiosis

1305 1276 1471 1347 multiplices
1496 1271 1590 1343 plagas
1613 1264 1753 1326 intulerat,
1778 1272 1832 1312 non
1858 1250 1945 1307 multo
1958 1253 2023 1318 post
2036 1240 2097 1298 rul-

1306 1385 1372 1427 nera
1386 1366 1520 1437 recipiens
1533 1360 1649 1423 inllnita,
1663 1355 1691 1409 ln
1704 1354 1762 1423 ipsa
1777 1356 1853 1420 porta
1867 1343 1976 1398 'lolnsse
1989 1354 2005 1393 a
2017 1334 2099 1390 Chri·

1308 1466 1342 1520 sti
1358 1461 1492 1517 militibus
1507 1456 1587 1525 digne
1608 1465 1658 1522 pro
1681 1444 1788 1501 meritis
1810 1449 1851 1497 est
1872 1427 2036 1493 occisus.0
2054 1429 2100 1498 ju·

1309 1566 1381 1611 stum
1413 1548 1569 1622 indicium!
1599 1561 1617 1600 o
1644 1555 1721 1611 atqua
1752 1535 1853 1592 dirinm
1885 1520 2100 1599 dispensationis

1314 1662 1443 1707 tuctisuta
1456 1648 1463 1699 l

1473 1773 1527 1790 .....
1534 1732 1624 1803 Neque
1639 1730 1707 1784 eninr
1725 1726 1768 1780 lex
1779 1722 1878 1794 justior
1894 1715 1962 1780 alla,

1400 1808 1487 1876 Quom
1504 1806 1573 1858 necis
1589 1802 1717 1870 artifices,
1734 1806 1790 1850 orte
1805 1807 1889 1861 perire
1907 1803 1968 1844 rna.

1653 1867 1764 1938 (Orto,
1780 1865 1828 1920 lib.
1848 1877 1867 1927 t,
1883 1859 1944 1914 Art.
1963 1853 2068 1921 umet.)

1591 1959 1706 2018 esent
1741 1955 1826 2013 xxxi

1402 2063 1544 2117 dtrtittitar
1557 2067 1686 2120 restraint,
1706 2051 1776 2124 quod
1792 2049 1891 2104 diritati·
1909 2043 2018 2102 Caetra.

1352 2157 1455 2212 Eodem
1477 2165 1599 2224 tempore
1621 2151 1772 2220 burgenses
1789 2144 1822 2199 de
1839 2140 1956 2205 Castris,
1975 2137 2011 2192 ab
2036 2134 2108 2190 anti·

1317 2252 1380 2308 citio
1398 2259 1425 2305 et
1449 2246 1572 2304 dominio
1597 2242 1706 2300 comitis
1730 2243 1914 2299 recesserunt,
1938 2230 2108 2299 militemque

1316 2359 1401 2399 unum
1428 2340 1526 2412 ipsius,
1539 2352 1623 2410 quem
1639 2336 1667 2391 in
1692 2341 1783 2389 castro
1800 2329 1848 2385 illo
1864 2321 2049 2382 eustodiendo
2065 2336 2110 2391 po-

1316 2441 1419 2499 suerat,
1434 2439 1580 2503 ceperunt,
1594 2428 1741 2497 pluresque
1755 2421 1917 2483 servientes,
1931 2413 2002 2471 nibil
2016 2419 2108 2466 tamen

1317 2526 1380 2584 mali
1404 2524 1445 2580 eis
1469 2522 1559 2577 lacere
1574 2517 1636 2574 ausi
1662 2523 1738 2581 sunt,
1750 2511 1815 2584 quia
1832 2508 1944 2580 quidam
1958 2505 1994 2561 de
2016 2509 2110 2574 poten·

1318 2618 1435 2674 tloribus
1465 2614 1498 2670 de
1521 2609 1625 2667 Castris
1658 2605 1815 2662 tenebantur
1854 2598 1964 2655 obsides
1999 2588 2112 2650 Carcas-

1319 2725 1405 2765 sonae.
1427 2705 1485 2762 Sub
1500 2703 1595 2760 eodem
1615 2700 1671 2755 lere
1686 2698 1730 2752 die
1751 2693 1852 2750 milites
1872 2688 1956 2744 castri
1972 2685 2007 2741 dc
2028 2683 2112 2738 Lirn-

1321 2803 1413 2858 bersa
1437 2796 1531 2853 benet
1553 2793 1653 2850 comite
1666 2798 1762 2845 nostro
1783 2783 1951 2846 recedentes,
1964 2775 2113 2834 sortientes

1322 2894 1408 2966 ipsius
1419 2888 1529 2947 comitis
1548 2891 1596 2958 qui
1620 2893 1700 2940 erant
1716 2883 1743 2936 in
1765 2885 1858 2935 castro
1885 2878 2031 2944 ceperunt,
2053 2883 2113 2923 eos·

1323 3001 1376 3058 qne
1391 2982 1463 3054 apud
1483 2987 1605 3036 castrum
1629 2973 1703 3046 quod
1722 2970 1824 3026 dicitur
1843 2967 1940 3022 Castra
1964 2963 2113 3026 miserunt,

1324 3076 1427 3134 earccri
1442 3083 1469 3128 ct
1482 3068 1600 3126 rincnlis
1616 3062 1825 3134 mancipandos.
1845 3057 2000 3127 burgenses
2023 3061 2113 3107 antem

1324 3172 1358 3226 de
1372 3165 1489 3229 Castris,
1503 3163 1579 3233 ipsos
1598 3169 1626 3214 et
1640 3157 1742 3213 dictum
1761 3152 1874 3207 militem
1890 3147 2002 3203 comitis
2019 3141 2114 3205 nostri,

1326 3274 1354 3318 et
1367 3261 1519 3318 servientes
1540 3267 1611 3324 qnos
1631 3258 1770 3320 ceperam,
1793 3245 1865 3299 sicut
1881 3256 1964 3311 supra
1985 3237 2114 3298 diximus,

490 3351 550 3394 sam
566 3344 593 3388 et
609 3330 727 3392 Fnrnm,
746 3340 807 3396 qnae
823 3322 925 3379 dicitnr
938 3316 1005 3369 Elna
1020 3327 1071 3383 pro
1087 3306 1202 3379 negotiis
1218 3305 1276 3359 suis
1328 3357 1334 3369 ,
1839 3336 1844 3347 ,
1870 3335 1875 3346 ,

490 3428 605 3484 misem
617 3422 689 3492 apud
701 3419 796 3473 vinam
812 3414 842 3468 S·
858 3409 959 3482 AEgidii
974 3407 1007 3462 ad
1024 3407 1138 3476 ,ΨΜ
1148 3399 1201 3466 Qui
1214 3412 1276 3452 cum
1327 3372 1355 3410 m
1368 3353 1581 3450 quadranteme
1596 3349 1763 3443 posuerunt;
1776 3337 1824 3437 scd
1839 3336 1878 3390 tlh
1887 3342 1974 3434 'nrete
1987 3328 2115 3402 quadarn,

1328 3446 1401 3502 lacto
1422 3455 1500 3513 qnasi
1524 3438 1589 3492 lune
1612 3434 1647 3488 de
1665 3437 1834 3485 uestimentis
1851 3437 1925 3489 sors,
1951 3436 1982 3474 sa
2006 3431 2057 3488 per
2082 3414 2117 3468 le

490 3502 985 3581 rediret,renitCarcassonam,duos
997 3495 1181 3553 morrachoset
1193 3503 1277 3544 unum
1505 3531 1511 3543 ,
1938 3513 1965 3525 ,,
2085 3525 2088 3531 ι

492 3621 656 3668 conversum
671 3603 776 3658 babens
792 3613 897 3655 secum.
918 3593 1055 3648 Eserrntes
1075 3603 1090 3643 a
1106 3568 1313 3641 CarcassonaC
1330 3546 1451 3682 ¹¹⁰⁸¹¹⁸³t¹¹¹
1476 3538 1638 3595 ¹¹¹¹m¹¹²⁰⁵’
1663 3525 1719 3580 ⁰⁶⁰
1745 3527 1858 3593 ''³¹²⁰oe
1881 3513 2038 3576 ²⁰¹¹¹¹¹¹¹¹¹⁹
2058 3522 2116 3563 Μ’

1332 3648 1414 3688 sernn
1430 3669 1437 3682 .

494 3701 580 3757 abbas
594 3706 621 3752 et
634 3696 702 3750 socii
716 3693 787 3762 ejus,
799 3705 862 3745 cnm
877 3703 924 3758 per
936 3698 1022 3740 unum
1037 3681 1094 3735 lere
1109 3675 1278 3736 milliarium,
1605 3709 1720 3770 CAPUT
1740 3704 1847 3762 mn·

494 3795 540 3849 ille
555 3786 771 3846 immanissimus
786 3782 872 3837 hostis
887 3775 1002 3842 Christi,
1028 3773 1072 3828 ille
1094 3769 1281 3826 ferocissimus
1422 3820 1427 3829 ¹
1646 3808 1652 3820 ,
1792 3796 1971 3812 ,,,,,
2090 3797 2093 3803 .

495 3882 628 3940 Ecclesiae
643 3887 813 3949 perseeutor,
833 3870 997 3927 Guillelmus
1020 3863 1149 3918 ridelleet
1169 3861 1203 3915 de
1224 3857 1281 3911 lin-
1332 3818 1439 3878 'mem‘
1468 3828 1552 3868 ‘me‘
1581 3808 1652 3862 Fun
1682 3805 1985 3945 ῗέηἰῗωηωωωιῧ
2010 3792 2119 3848 mmm·

496 3970 609 4042 pelorti,
631 3966 717 4021 irater
738 3958 971 4018 Carcassoncnsis
994 3952 1128 4025 episcopi,
1153 3950 1199 4021 qni
1219 3959 1283 4002 tunc
1369 3980 1407 4036 Ea
1425 3981 1586 4046 tempestate
1611 3983 1704 4025 comcs
1726 3963 1796 4019 Fufi
1818 3960 1878 4032 qui,
1899 3957 1973 4015 3ch
1996 3954 2122 4028 superius

497 4073 574 4127 crat,
590 4059 722 4115 adsersus
747 4072 794 4111 cos
814 4054 905 4109 snbito
924 4048 1091 4113 insurrexit,
1107 4054 1229 4099 armatus
1244 4057 1284 4095 tn-
1335 4073 1466 4134 diximus,
1484 4068 1511 4122 in
1526 4063 1677 4121 ammam
1701 4059 1843 4129 juraverat
1873 4060 1996 4108 casuum
2009 4050 2047 4106 de
2065 4047 2124 4104 pm·

497 4154 596 4211 delicet
609 4154 636 4207 in
660 4152 790 4252 inermes,
807 4143 971 4245 crudelis-in
987 4139 1078 4205 mites,
1096 4151 1185 4191 serus
1200 4136 1227 4189 in
1244 4135 1286 4188 in·
1335 4180 1425 4228 uno·
1441 4159 1514 4232 quod
1532 4157 1557 4213 ei
1573 4153 1741 4214 tradiderat,
1759 4146 1830 4202 swa
1850 4095 2021 4215 proditione,
2046 4138 2123 4209 (ψῃ,

499 4252 639 4351 ”fcemqs‘
654 4241 718 4309 ω’
735 4240 770 4295 ⁰¹³
784 4237 886 4293 ”uuam
903 4236 985 4338 {hm
998 4245 1124 4296 caum
1142 4244 1196 4282 ”¹⁵¹
1220 4244 1285 4297 ‘¹⁰¹²
1336 4268 1391 4314 cta
1415 4252 1525 4309 comitis
1549 4247 1635 4303 nostri
1658 4239 1844 4299 lamiliaritate
1863 4237 2015 4300 recedens,
2038 4233 2124 4303 ipsum

499 4338 698 4442 Cistercreuses
715 4328 921 4435 crannabhatr
940 4340 1042 4392 xxxrr,
1061 4336 1196 4379 eortrcrso
1222 4333 1287 4374 vero
1338 4351 1411 4421 cepi,
1434 4347 1525 4402 acrius
1546 4343 1717 4412 impugnare·
1744 4331 1812 4388 Nam
1828 4344 1884 4384 non
1910 4327 1999 4384 muno
2022 4334 2089 4397 m
2101 4324 2124 4378 iu

500 4443 561 4499 ψη
578 4443 642 4482 mv
657 4427 751 4529 ⁹¹³3*
766 4423 902 4526 ''Qens'
930 4434 978 4475 ⁰⁰⁵
996 4419 1025 4473 ¹¹¹
1049 4417 1109 4472 ¹⁰⁰⁰
1131 4415 1179 4469 5¹¹⁰
1199 4412 1288 4468 ¹¹⁰mi'
1340 4441 1411 4497 lesto
1430 4438 1459 4491 S.
1482 4429 1622 4489 llichaelis
1644 4421 1854 4494 renitproditor
1869 4414 2126 4473 noctearleastrnm

502 4537 569 4578 num
599 4521 808 4576 crudelissimus
834 4512 981 4570 roterlccit.
1015 4510 1105 4566 Unum
1137 4517 1227 4563 autern
1254 4503 1289 4558 de
1339 4529 1413 4603 quod
1435 4525 1536 4583 dicitur
1557 4513 1767 4580 mammis,
1792 4505 1997 4579 mmmm
2021 4516 2127 4560 mmm

503 4616 612 4669 duobus
637 4610 798 4674 monachis,
824 4607 961 4663 sexdecim
983 4603 1142 4660 vulneribus
1166 4599 1288 4664 inhietis,
1340 4623 1433 4686 scafis·
1449 4620 1621 4675 intraveram
1634 4614 1728 4666 hostes
1744 4617 1771 4663 e,
1794 4603 2091 4660 ascendemmmum
2105 4602 2130 4650 α

504 4707 669 4808 seminecem
691 4700 848 4771 dereliquit.
864 4699 940 4752 hlter
953 4695 1079 4767 rcroqrti
1094 4702 1154 4749 erat
1168 4702 1251 4746 notus
1264 4698 1292 4745 et
1340 4731 1388 4788 W
1412 4721 1531 4769 camum
1557 4706 1712 4762 discurrere
1735 4704 1886 4769 mrum·
1911 4690 1991 4760 Quod
2014 4691 2130 4746 “iem

504 4797 703 4902 aliquantulam
728 4792 873 4848 tantiliaris
902 4791 968 4854 illis,
980 4789 1027 4857 qui
1054 4795 1134 4840 eraut
1146 4799 1209 4840 eum
1225 4798 1291 4853 pree·
1343 4808 1430 4866 nomi
1444 4805 1491 4877 qm
1504 4808 1581 4857 emm
1596 4799 1624 4853 in
1639 4805 1732 4851 eam
1751 4786 1923 4862 paucissimi'
1937 4785 2073 4856 ipsosque
2086 4795 2130 4850 ²8·

505 4891 580 4947 dicto
595 4898 721 4961 tyranno,
736 4888 815 4941 tirus
831 4883 934 4952 ellugit.
950 4880 972 4935 0
989 4879 1090 4934 bellum
1116 4877 1250 4947 iqrrnbile!
1275 4890 1293 4930 o
1309 4910 1330 4966 D
1345 4900 1507 4972 medicum,
1521 4908 1582 4948 ,um
1599 4888 1760 4946 confusione
1771 4885 1846 4939 exim
1859 4883 2010 4950 coegerunt
2022 4885 2053 4932 a
2065 4889 2095 4932 se
2106 4875 2130 4928 in

507 4980 623 5037 conlusn
638 4978 767 5032 rictoriat
786 4973 908 5028 Audiens
932 4986 1028 5027 comcs
1050 4977 1145 5025 noster
1166 4966 1213 5036 qui
1234 4974 1294 5020 erat

508 5077 579 5146 apud
605 5074 805 5128 Carcassonam
835 5066 910 5137 qnod
943 5065 1101 5127 acciderat,
1124 5060 1208 5132 jussit
1237 5058 1295 5113 tolli

509 5179 626 5231 corpora
647 5162 814 5225 occisorum,
833 5166 860 5211 et
875 5155 946 5225 apud
961 5154 1161 5208 Carcassonant
1183 5148 1297 5203 honori-

511 5263 563 5314 lice
585 5255 705 5325 sepeliri.
731 5251 754 5305 0
782 5251 870 5304 rhum
894 5246 1078 5302 catholicum!
1105 5257 1122 5297 ο
1147 5241 1296 5311 principem

513 5349 643 5404 tidelerul
671 5344 835 5400 lionacltunr
863 5356 929 5394 roro
958 5339 1005 5407 qui
1036 5336 1183 5391 derelictus
1211 5331 1299 5387 lucrat

514 5446 727 5499 setrrnnortnus,
763 5435 826 5490 lecit
853 5433 995 5501 diligenter
1020 5428 1110 5483 curari
1140 5441 1188 5495 per
1213 5424 1299 5480 uredi-

515 5545 582 5596 cos,
607 5538 788 5586 et,sanatum
818 5525 852 5578 ad
882 5524 1021 5595 propriam
1045 5522 1158 5576 domum
1184 5519 1298 5574 remisit.

515 5622 615 5678 Comes
642 5629 734 5676 autem
755 5617 824 5672 rust
848 5617 894 5687 qui
927 5615 1052 5669 abbatem
1076 5623 1104 5667 et
1128 5611 1217 5666 socios
1240 5611 1301 5678 eius

517 5731 567 5790 pro
591 5713 707 5783 negotiis
732 5712 853 5776 miserat,
880 5707 1029 5763 occisorem
1056 5720 1150 5760 eorum
1176 5704 1203 5757 in
1217 5704 1301 5758 ntrtlta

518 5808 706 5867 lamiliaritate
718 5814 746 5860 et
758 5805 876 5859 amicitia
898 5802 999 5872 recepit
1011 5819 1018 5868 ;
1032 5799 1187 5855 carnificem
1202 5799 1303 5869 quippe

520 5898 607 5957 tenuit
628 5911 733 5954 secutm
758 5895 870 5964 insuper
893 5894 1055 5960 equitaturae
1078 5889 1207 5954 abbatis,
1233 5906 1303 5957 iqrras

521 5990 635 6048 tunditur
658 5987 819 6061 saepedictus
845 5993 993 6055 rapuerat,
1018 5984 1099 6054 paulo
1123 5993 1184 6053 post
1212 5983 1238 6037 in
1259 5998 1305 6037 so·

522 6085 619 6140 eistete
638 6082 746 6138 comitis
768 6078 903 6135 l'urcnsis
934 6089 998 6132 sunt
1021 6079 1146 6134 intrentae.
1171 6077 1193 6132 0
1216 6077 1305 6130 honri-

525 6193 586 6232 netn
610 6174 819 6248 nequissimum,
840 6174 966 6234 cotttitcnr
990 6171 1057 6228 l'usi
1076 6173 1151 6228 ilico!
1177 6190 1194 6227 o
1219 6174 1303 6241 qne-si-

1346 4993 1478 5047 lassatum
1495 4983 1677 5055 precipitare,
1690 4989 1717 5033 et
1731 4977 1839 5046 aliquos
1858 4987 1891 5027 er
1904 4971 1946 5026 eis
1959 4968 2130 5024 occiderunt.

1346 5081 1411 5136 Erat
1426 5087 1556 5149 preterea
1573 5086 1658 5144 prope
1668 5067 1870 5124 carcassonam
1886 5059 2027 5133 quoddam
2044 5056 2132 5113 nobile

1346 5179 1482 5231 castr-mn,
1507 5160 1702 5230 Moris-regalis
1725 5158 1857 5212 nomine:
1881 5151 1965 5207 castri
1982 5149 2074 5222 ipsius
2087 5147 2132 5204 do·

1347 5261 1439 5317 tninus
1454 5258 1544 5313 luerat
1564 5253 1643 5309 miles
1667 5251 1778 5320 nitidam
1802 5247 1849 5318 qui
1869 5243 2022 5300 uocabatur
2038 5242 2132 5312 hyme-

1349 5353 1434 5417 rieus,
1448 5365 1504 5419 quo
1524 5348 1551 5400 in
1567 5355 1622 5399 tota
1644 5353 1715 5396 terra
1731 5340 1777 5395 illa
1791 5348 1853 5408 post
1871 5337 1987 5390 ctrtttites
1999 5334 2133 5404 poteritine

1349 5444 1403 5501 sibi
1427 5441 1545 5498 nobilior
1568 5437 1660 5492 nullus
1675 5444 1743 5489 erat.
1769 5429 1820 5486 llic
1842 5439 1964 5497 tompore
1985 5423 2134 5480 obsidionis

1350 5538 1545 5596 Carcassonae,
1570 5529 1669 5583 timore
1693 5533 1852 5580 nostrorum
1876 5531 2000 5576 castrum
2024 5517 2133 5573 llornis·

1352 5623 1468 5694 regalis,
1492 5633 1610 5673 eacuurn
1629 5615 1794 5684 dereliquit:
1820 5611 1867 5667 sed
1888 5621 1983 5681 postea
2007 5609 2086 5663 repit
2104 5603 2134 5659 sd

1353 5716 1480 5770 comitem
1506 5721 1644 5772 nostrum,
1669 5718 1696 5761 et
1716 5706 1858 5775 aliquanto
1882 5714 2005 5771 tempore
2020 5702 2047 5757 ei
2062 5695 2135 5756 iami-

1354 5808 1429 5861 lieris
1442 5804 1503 5869 luit,
1519 5812 1620 5873 etpost
1637 5817 1738 5871 pisticus
1753 5800 1812 5854 dies
1828 5814 1843 5852 a
1861 5796 1917 5851 Deo
1930 5804 1958 5851 et
1970 5798 2075 5851 comite
2086 5804 2134 5849 trr-

1354 5901 1426 5954 ditor
1448 5898 1586 5967 pessimus
1610 5902 1733 5948 recessit.
1765 5892 1893 5946 Castrum
1916 5884 2135 5956 uentis-reque

1355 5999 1538 6060 occupaturus
1553 6000 1646 6041 conres
1660 5993 1755 6040 noster
1779 5980 1919 6036 commisit
1933 5978 2046 6034 cuidam
2058 5976 2134 6032 Fratr-

1356 6083 1457 6150 cigcnre
1479 6078 1579 6134 clerico
1599 6072 1827 6138 custodiendum;
1854 6072 1901 6128 sed
1925 6071 1984 6137 ille,
2007 6068 2132 6126 diabolica

1357 6172 1529 6242 sire-gestiens
1540 6177 1696 6236 eorrttptns,
1712 6165 1843 6234 omtriquc
1862 6160 1982 6217 deterior
1999 6152 2132 6216 iutidclirl
