5125 7059
363 696 424 756 tots
1008 701 1176 760 ttttttstm.
1195 735 1230 749 -
1250 702 1315 760 LiB.
1332 702 1380 763 ΙΧ.
1946 708 2000 768 110

364 816 500 888 quioniam
522 828 637 890 accepto
663 818 768 876 lumine
791 817 849 876 oco
870 818 1036 877 sacrificium
1059 819 1196 881 olttulitt
1510 820 1626 879 ceput
1648 820 1696 881 11.

365 909 543 981 virginitatis,
558 911 619 968 ideo
639 911 725 969 missa
746 921 875 969 cantuar
890 912 917 968 in
931 912 1046 968 exordio
1068 912 1156 977 lucis;
1468 929 1571 972 nereus
1591 931 1617 971 ur
1636 931 1733 973 etncts.

363 1012 531 1072 coarctem
547 1004 575 1059 in
591 1014 707 1077 utraque
719 1006 805 1062 missa
820 1014 966 1062 cantantur
978 1014 1007 1061 et
1017 1004 1156 1076 leguntur,
1243 1003 1343 1061 Felicis
1357 1005 1384 1062 in
1397 1003 1519 1063 Pincisa
1535 1009 1598 1063 loco
1613 1008 1710 1065 titrtlus
1728 1008 1888 1065 assumitur.
1904 1005 1999 1065 Piscis

364 1092 512 1151 ntanilcste
528 1098 562 1153 td
577 1096 668 1168 ipsum
682 1098 820 1169 pertinere
834 1099 1008 1166 ridentur,et
1017 1099 1082 1170 quia
1095 1114 1158 1170 pre-
1207 1100 1281 1155 enim
1294 1097 1373 1154 locus
1386 1109 1428 1155 est
1437 1100 1517 1170 jrrsta
1532 1100 1640 1166 urbem,
1652 1101 1698 1155 noi
1712 1115 1813 1173 corpus
1828 1099 1997 1175 contessoris

363 1185 459 1257 slrytor
481 1187 534 1243 luit
554 1198 582 1246 ct
594 1190 758 1261 episcopus,
774 1188 857 1261 hujus
884 1190 985 1247 lectum
1006 1189 1157 1263 presbytcri
1208 1191 1325 1249 lelicitcr
1339 1191 1503 1260 locontur,
1514 1192 1694 1263 cnjusanima
1705 1192 1734 1247 in
1746 1193 1816 1249 coelo
1830 1190 1939 1249 iclicius
1950 1208 1998 1250 co·

363 1278 486 1337 manime
498 1280 634 1339 celebrent
651 1291 679 1340 ct
694 1282 826 1355 episcopi.
1207 1295 1332 1341 ronatnr.

650 1377 768 1435 CAPUT
805 1377 874 1436 tltt.
1300 1376 1303 1384 '
1518 1375 1635 1434 CAPUT
1653 1377 1688 1435 11.

577 1487 736 1530 summurn
756 1488 947 1532 pprpaocgpcpwn,
1310 1484 1385 1526 mli
1406 1484 1541 1536 uturum,
1557 1486 1690 1535 mmm,
1706 1485 1742 1525 Ετ
1760 1485 1893 1527 lissam.

402 1562 594 1622 innocentium
616 1566 710 1638 passio
728 1580 783 1623 non
798 1569 926 1638 protinus
945 1577 1041 1628 cecum
1068 1581 1110 1629 esc
1125 1571 1155 1628 ῑῃ
1240 1560 1390 1617 Beatornxa
1416 1570 1569 1633 martyrum
1586 1560 1676 1623 ilarii,
1692 1561 1816 1627 tlartme,
1836 1560 1954 1618 sndttax
1970 1570 1999 1619 et

360 1657 410 1715 die
422 1667 533 1731 quarto,
550 1661 598 1718 sed
613 1677 687 1717 anno
702 1662 837 1720 revoluto.
853 1660 921 1718 Nam
939 1662 967 1719 in
980 1664 1069 1733 primo
1082 1679 1156 1720 anno
1207 1652 1348 1711 “ibicum
1364 1654 1521 1726 9²⁸⁸5⁰¹¹e¹¹¹
1544 1654 1811 1725 ¹¹0llli1li⁸⁰i⁵l¹sere
1832 1656 1997 1729 imiimi

363 1749 486 1808 llerodes
503 1767 600 1825 magos
623 1754 802 1826 exspectavit,
815 1764 843 1812 et
867 1763 1014 1811 accusatus
1040 1754 1155 1812 Romam
1205 1748 1280 1817 cuod
1295 1763 1358 1804 cum
1373 1748 1408 1803 ad
1430 1748 1541 1818 jussum
1564 1748 1689 1813 Claudii,
1703 1747 1784 1802 ilarii
1802 1764 1904 1805 manns
1924 1748 1993 1806 inci-

361 1843 424 1900 irit.
442 1843 494 1912 Qui
507 1845 615 1903 redient
630 1855 658 1903 ct
671 1847 767 1903 videns
781 1847 855 1919 quod
871 1847 970 1904 illusus
981 1858 1081 1906 esseta
1096 1864 1156 1904 ma·
1205 1840 1350 1905 delemur.
1366 1848 1394 1896 0²
1409 1839 1528 1895 fl¹i⁰l⁰¹¹¹
1551 1837 1669 1894 Audflfss
1685 1851 1712 1893 θῑ
1729 1837 1880 1908 mimum·
1891 1838 1998 1897 ΜΝ

361 1937 416 2008 gis,
437 1936 465 1991 in
480 1936 524 1992 elie
537 1946 637 2008 quarto
652 1937 766 1994 secundi
783 1937 849 1993 anni
867 1953 969 2009 pueros
984 1938 1154 1996 interiecita
1205 1933 1367 2004 mnputnem
1389 1932 1480 1988 mariti
1506 1939 1535 1987 et
1555 1931 1675 1986 llliorum
1703 1932 1912 2002 collimitanei
1934 1932 1998 1989 ¹²⁶⁸

361 2028 469 2085 ltimatu
493 2036 522 2085 et
537 2028 608 2085 inira
622 2028 656 2086 ⁸⁸.
670 2028 794 2086 Bimatra
816 2028 928 2097 Graece,
941 2029 1039 2088 Latine
1053 2032 1156 2089 dicitur
1205 2025 1304 2083 iacicm
1330 2042 1408 2083 snam
1434 2026 1560 2084 liniebat.
1575 2023 1691 2081 liemum
1715 2035 1792 2097 pater
1815 2035 1843 2083 et
1860 2027 1910 2084 stit
1932 2036 1998 2084 sunt

361 2137 450 2177 antrat
462 2121 506 2177 nel
517 2122 661 2178 biennium.
673 2119 777 2178 Timuit
791 2122 865 2177 eninr
880 2138 915 2179 ne
927 2139 996 2195 puer
1007 2123 1052 2182 cni
1064 2123 1153 2181 sidera
1204 2120 1345 2188 decollati,
1357 2131 1385 2176 et
1399 2120 1577 2191 postmodum
1602 2119 1741 2187 semiusti,
1755 2133 1783 2176 et
1797 2118 1904 2177 ltxrttxa
1928 2124 1997 2179 suo

362 2210 544 2280 iamulantnr,
562 2229 645 2285 snpra
660 2213 703 2269 nel
729 2212 800 2269 inira
825 2222 933 2270 etatem
957 2214 1010 2272 sibi
1034 2215 1153 2288 speciem
1205 2222 1394 2292 merempnteo
1418 2213 1584 2269 obdormirit
1597 2213 1623 2269 in
1638 2212 1763 2271 Domino.
1777 2213 1816 2270 Sa
1833 2214 1878 2272 his
1900 2216 1929 2271 in
1947 2216 1986 2271 lto

360 2304 583 2364 transformaret.
599 2304 677 2362 Tunc
692 2306 833 2378 impletum
848 2317 892 2364 est
904 2307 971 2364 illud
982 2307 1152 2365 leretniae⁸':
1203 2306 1302 2363 dieruo
1316 2305 1387 2362 iesto
1399 2306 1557 2377 antiphonae
1569 2307 1747 2377 colliguntur.

364 2416 375 2450 e
395 2396 454 2453 Vox
471 2398 499 2453 in
515 2395 613 2464 Rama,
625 2399 651 2455 id
665 2384 709 2456 est
721 2400 749 2455 in
773 2399 903 2467 excelsis,
917 2401 1011 2456 audita
1034 2410 1086 2457 est.
1100 2399 1154 2457 lia·
1508 2396 1625 2453 caton
1643 2396 1690 2453 st.

360 2490 426 2547 clici
440 2491 551 2563 plorans
565 2491 636 2547 idios
661 2506 739 2557 suos,
757 2511 767 2547 r
785 2492 916 2549 mulieres
930 2491 1056 2550 videlicet
1070 2493 1154 2552 lietu·
1339 2506 1499 2548 cancrosus
1517 2507 1623 2547 ruerant
1640 2507 1676 2545 nx
1696 2506 1864 2547 sxexsrrant.

360 2582 547 2653 lehem,p'uxta
559 2600 642 2655 quarn
654 2587 810 2656 scpultacst
820 2584 921 2642 Rachel
931 2585 1078 2643 ”adolent
1086 2602 1153 2644 con·
1239 2582 1386 2640 Boatorom
1410 2592 1564 2657 martyrum
1591 2582 1725 2649 Fabiani,
1739 2591 1768 2638 et
1788 2581 1945 2639 Sebasdani
1957 2581 1998 2639 ie-

360 2676 465 2743 aolxri,
482 2696 492 2728 n
511 2676 538 2733 id
550 2686 596 2734 ¹cst
616 2677 854 2734 inconsolabiliter
867 2677 967 2748 doluit,
980 2679 1015 2737 dc
1030 2695 1065 2737 eo
1079 2681 1153 2752 qttod
1205 2672 1313 2732 stiritas
1346 2675 1399 2733 sub
1424 2675 1526 2747 duplici
1555 2675 1668 2730 collecta
1695 2684 1941 2742 commemoratur,
1969 2676 1996 2731 in

361 2783 419 2823 non
432 2779 508 2836 suunt,
523 2768 605 2825 idest
617 2784 680 2826 csse
701 2769 854 2827 desierunt.
871 2767 1016 2829 tlodternae
1032 2773 1155 2829 historiae
1204 2768 1291 2824 missa
1310 2778 1338 2823 et
1354 2778 1473 2838 utraque
1499 2783 1553 2823 nna
1579 2783 1627 2839 per
1650 2766 1798 2823 Dominum
1822 2768 1997 2836 terminatur,

364 2858 401 2914 dc
439 2860 553 2930 psalmis
587 2861 763 2918 nocturnales
792 2870 942 2919 sumuntur
977 2863 1152 2935 antiplronae;
1203 2859 1372 2919 Nocturnale
1394 2860 1534 2924 odicium,
1550 2861 1625 2933 quod
1649 2862 1786 2918 duntaxat
1812 2862 1846 2919 acl
1869 2872 1997 2919 sanctum

360 2961 460 3008 caetera
472 2952 505 3007 dc
514 2950 673 3025 Evangelio,
688 2952 731 3009 rel
745 2953 910 3027 Apocalypsi
922 2953 945 2987 ¹’
955 2952 1062 3027 liquido
1073 2956 1153 3012 coll·
1203 2956 1322 3027 pertinet
1337 2953 1543 3021 Sebastianum,
1552 2969 1586 3010 ex
1601 2954 1663 3026 ejus
1677 2953 1734 3011 nita
1747 2965 1775 3010 et
1787 2955 1917 3025 passione
1927 2969 1997 3010 con·

360 3053 476 3117 punitur.
492 3044 571 3113 Quod
584 3056 677 3103 antem
695 3046 827 3103 dicuntur
844 3049 1153 3122 centumquadraginta
1204 3056 1261 3103 stat
1279 3033 1375 3117 procul
1395 3046 1480 3102 dultio
1494 3044 1661 3102 derivatum.
1677 3044 1729 3113 Qui
1744 3046 1808 3102 licet
1825 3044 1998 3117 imperatori·
2049 3122 2051 3126 .

361 3146 484 3209 quatuor
506 3137 607 3206 millia,
627 3138 735 3196 [irritum
756 3139 850 3212 ponit;
869 3140 933 3212 quia
958 3139 1032 3198 Deus
1055 3157 1154 3199 omnies
1204 3143 1257 3198 ltus
1272 3140 1371 3198 luisset
1387 3147 1528 3211 acceptus,
1542 3154 1639 3195 eorum
1661 3151 1754 3195 tamen
1773 3140 1855 3209 jussu
1877 3138 1929 3195 luit
1949 3154 1996 3195 sa·

362 3230 417 3286 sub
434 3237 511 3287 certo
531 3245 648 3288 numero
661 3231 880 3302 comprehcndit.
901 3232 955 3289 Sed
973 3241 1001 3289 et
1020 3249 1154 3292 numerus
1204 3235 1336 3307 pittacus.
1352 3243 1380 3291 et
1393 3235 1482 3291 donec
1496 3233 1628 3290 deficeret
1649 3232 1808 3305 instigatus.
1828 3231 1916 3303 Cujus
1935 3248 1999 3289 cnr·

360 3324 525 3395 mysterium
539 3323 660 3380 conduct
675 3322 819 3381 Trinitatis
831 3325 961 3396 perlectae
972 3328 1022 3397 pe'r
1033 3336 1154 3397 quatuor
1203 3343 1256 3399 pus
1287 3328 1316 3384 in
1340 3329 1463 3385 cloacam
1490 3326 1567 3398 prius
1590 3325 1722 3397 ejectum,
1751 3337 1814 3398 post
1836 3340 1852 3381 a
1876 3325 1997 3396 quadam

359 3416 457 3472 mundi
470 3415 579 3473 climata
593 3416 747 3487 divulgatae.
761 3414 830 3472 Nam
847 3416 984 3476 ternarius
995 3418 1096 3475 ductus
1107 3434 1155 3491 pcr
1204 3430 1333 3478 matrona
1355 3421 1434 3492 juxta
1457 3417 1645 3491 apostolorum
1669 3415 1722 3475 init
1738 3419 1855 3490 vestigia
1871 3417 1996 3473 colloca·

359 3509 567 3581 quaternacium
582 3506 648 3565 lacit
660 3510 817 3566 duodecim.
835 3510 872 3567 Et
888 3526 987 3568 rursus
1007 3511 1152 3568 duodecim
1165 3532 1190 3599 ο
1205 3526 1276 3574 turn.

360 3616 413 3673 per
423 3599 630 3671 quaternarium
649 3601 830 3673 quadraginta
843 3611 915 3659 octo.
926 3600 960 3658 u
971 3602 1153 3676 qnadraginta
1499 3606 1616 3666 elnon*
1639 3605 1699 3663 1111.

359 3702 427 3749 octo
440 3703 489 3765 per
505 3694 726 3765 quaternarium,
740 3702 852 3751 centum
876 3694 1060 3768 quadraginta
1082 3712 1149 3768 qna·
1468 3717 1579 3758 snncra
1599 3716 1725 3758 xcnrrns.

359 3794 435 3843 toor.
457 3784 537 3853 Quod
559 3786 643 3842 etiam
667 3785 785 3843 dicitur:
805 3784 893 3843 elidi
917 3787 970 3845 sul)
994 3788 1081 3845 altare
1103 3789 1153 3846 ttet
1238 3788 1330 3849 Beata
1351 3792 1465 3862 Agnetis
1484 3792 1642 3864 passionem
1662 3799 1776 3847 sanctos
1797 3788 1910 3860 scripsit
1929 3788 1997 3844 Am-

358 3878 471 3934 auimas
493 3876 701 3939 intericmorum
721 3880 756 3947 ⁸⁶,
780 3898 791 3933 o
815 3880 858 3938 sic
877 3891 922 3938 est
944 3882 1153 3954 accipiendum,
1202 3880 1323 3947 lorosius,
1344 3881 1439 3940 dicens
1459 3882 1533 3954 quod
1554 3881 1663 3949 ignibus
1687 3880 1737 3936 luit
1761 3878 1994 3950 injectaonilrus

359 3971 438 4043 qued
451 3970 573 4028 loannes
595 3972 664 4029 uidit
682 3973 792 4030 animas
808 3975 966 4031 occisorum
979 3974 1032 4033 sul)
1048 3976 1152 4047 altare,
1203 3988 1253 4043 per
1275 3973 1431 4031 orationem
1455 3975 1622 4043 exstinctis,
1649 3975 1734 4030 vitam
1751 3974 1843 4047 gladio
1865 3989 1995 4047 percussa

360 4065 391 4123 id
417 4074 462 4122 est
486 4065 645 4123 humiliatas
665 4066 749 4137 capiti
765 4083 837 4136 suo,
865 4068 909 4124 rel
941 4070 968 4124 in
1000 4069 1152 4140 absconso,
1203 4067 1312 4124 linivit:
1330 4082 1433 4138 exqua
1456 4069 1587 4141 passione
1605 4069 1761 4125 cantualem
1784 4067 1996 4124 constatlristo·
2101 4111 2104 4116 .

358 4155 428 4229 spuis
441 4171 524 4213 nemo
544 4158 663 4228 percipit
679 4156 735 4223 lnic,
748 4157 888 4228 quomodo
902 4158 941 4215 iot
958 4159 1025 4217 sint.
1038 4158 1096 4218 llac
1107 4162 1153 4218 die
1203 4162 1273 4217 riam
1288 4169 1452 4217 mutuatam.
1469 4159 1557 4228 Quam
1573 4163 1638 4233 quia
1656 4161 1776 4233 lraelccti
1793 4162 1866 4217 tllius
1884 4161 1997 4219 adama·

360 4249 565 4306 sulttralruutnr
579 4257 670 4305 restes
695 4246 857 4313 lestirshot
876 4249 1023 4308 dalmatica
1042 4262 1071 4309 et
1086 4254 1153 4310 sult-
1202 4253 1253 4320 ric
1271 4261 1346 4309 recte
1360 4254 1387 4308 in
1402 4254 1464 4324 ejus
1486 4252 1557 4311 testo
1571 4263 1699 4310 cantatur
1712 4254 1844 4311 introitus
1858 4271 1866 4309 z
1881 4251 1925 4307 tta
1946 4269 1995 4307 ee·

359 4340 421 4409 tile,
435 4349 463 4396 et
473 4341 648 4398 subticentur
659 4342 768 4399 cantica
779 4342 892 4409 lactitiae,
905 4354 936 4398 ut
948 4342 984 4398 Tr
996 4343 1080 4400 licam
1095 4346 1154 4402 lca·
1202 4353 1388 4416 spectaremur
1415 4354 1565 4416 peccatores
1588 4343 1622 4401 ⁸¹.
1648 4343 1718 4399 lttud
1749 4353 1842 4400 annena
1873 4342 1996 4399 notalriie

357 4435 468 4500 dames,
481 4433 584 4501 Gloria,
609 4434 727 4490 attenta
739 4435 767 4489 in
782 4435 879 4503 missa,
894 4444 923 4490 et
936 4433 978 4492 lte
1002 4437 1085 4493 mirra
1100 4448 1151 4506 eat,
1202 4453 1258 4493 non
1273 4446 1316 4493 est
1342 4435 1517 4494 infructuoso
1534 4435 1645 4494 silentio
1660 4439 1714 4509 tegi
1738 4437 1813 4509 quod
1838 4438 1896 4494 haec
1916 4434 1996 4494 lcstr·

358 4526 479 4598 eoquod
500 4527 534 4583 ad
547 4525 652 4583 interos
674 4527 886 4585 descenderunt.
910 4526 957 4585 Vel
974 4531 1039 4601 quia
1064 4532 1091 4587 in
1108 4531 1153 4590 lais
1202 4529 1275 4585 nitas
1287 4543 1342 4585 non
1358 4528 1441 4583 lrabet
1455 4537 1594 4584 octauam.
1604 4525 1683 4583 Unde
1694 4542 1745 4583 nec
1755 4526 1929 4583 scribendum
1941 4537 1994 4593 est.

358 4619 484 4691 parvulis
504 4619 696 4692 intelliguntur
707 4621 801 4692 pusilli
815 4621 958 4690 Ecclesia,
969 4625 1017 4695 (pul
1036 4634 1151 4681 mortem
1202 4631 1300 4680 octavo
1314 4620 1438 4692 Agnetis,
1453 4620 1501 4677 sed
1527 4620 1650 4676 mcutrdo
1665 4620 1789 4691 Agnetis,
1804 4628 1900 4675 utnon
1915 4620 1996 4677 intei-

310 4776 312 4788 .
358 4724 410 4785 pt·
425 4711 570 4769 hermicos
592 4713 754 4792 patiuntur:
769 4725 812 4772 est
823 4715 897 4772 enim
920 4714 1053 4783 llcrodes,
1068 4718 1154 4775 litere·
1202 4716 1303 4788 ligatur
1319 4723 1427 4782 octana,
1455 4712 1504 4771 sed
1529 4714 1691 4770 solemnitas
1719 4714 1857 4786 repetita,
1881 4728 1995 4786 propter

310 4796 315 4902 Ἰ
359 4804 433 4861 licus
447 4804 616 4876 versipellisc
633 4805 676 4861 rel
701 4815 814 4878 propter
832 4817 986 4866 maternam
1010 4810 1151 4868 tristitiam
1203 4808 1386 4873 miraculum,
1402 4805 1476 4879 quod
1492 4822 1525 4862 ea
1541 4806 1587 4861 die
1606 4804 1739 4877 contigit,
1754 4806 1820 4860 dum
1836 4805 1995 4875 parcntiltus

359 4898 611 4970 &mumadam
624 4917 632 4954 ε
647 4908 675 4957 et
690 4900 750 4957 nee
763 4901 874 4971 quidem
891 4901 1063 4960 observanda
1076 4914 1151 4971 sunt,
1167 4892 1190 4948 Ι)
1203 4904 1331 4976 apparuit
1344 4903 1440 4959 dicens
1453 4920 1460 4957 ε
1478 4920 1488 4951 r
1503 4900 1593 4957 Nolite
1608 4901 1702 4972 lugere
1715 4916 1759 4956 me
1774 4911 1930 4964 mortuam,
1945 4900 1993 4956 ret

358 4992 415 5049 aisi
431 4990 532 5047 testum
547 4992 690 5049 advenerit
710 4994 738 5049 in
757 4993 901 5051 dominica
912 4995 967 5052 rlie.
981 4995 1060 5054 Tunc
1077 5001 1151 5052 enim
1202 4994 1433 5064 congratulamini
1469 4993 1560 5060 mitri,
1584 4994 1649 5064 quia
1673 5008 1737 5049 curn
1766 4993 1811 5049 iris
1839 4992 1995 5063 uirginibus

310 5043 320 5100 μ
358 5083 470 5140 sottum
486 5083 625 5139 canticum
648 5085 880 5155 pretermittitur,
893 5096 1004 5157 propter
1020 5088 1150 5159 gaudium
1201 5092 1282 5147 sedcs
1294 5092 1387 5161 accepi
1397 5107 1421 5157 3»
1438 5099 1468 5143 et
1478 5087 1635 5145 celematur
1648 5088 1781 5154 cilicium,
1795 5087 1868 5144 sicut
1878 5088 1906 5142 in
1919 5087 1996 5160 prin·

310 5137 323 5197 μ
357 5174 462 5232 trema
473 5175 692 5245 ctortucadonts.
702 5176 825 5234 Dicimus
835 5188 939 5245 unreu,
951 5177 1047 5234 Gloria
1060 5178 1168 5245 Patri·
1203 5181 1287 5256 cipali
1304 5179 1385 5237 lesto.

310 5239 325 5340 {⁸
357 5280 387 5327 et
405 5269 434 5324 in
448 5267 803 5339 nocturnolreepuentamns
819 5271 903 5325 etiam
916 5270 1057 5335 Alleluia:
1074 5273 1150 5343 epula,
1496 5271 1613 5330 estut
1632 5271 1702 5330 11111.

310 5331 328 5400 f
356 5360 425 5419 iicet
437 5358 473 5415 ad
488 5358 596 5416 inierna
611 5359 824 5428 descenderint,
838 5371 930 5417 umen
946 5376 994 5433 pcr
1007 5377 1150 5420 resurrcc·
1255 5384 1290 5426 ne
1309 5383 1402 5424 nsxts
1420 5384 1436 5423 x
1456 5382 1656 5424 mrxoxcxsnxa
1676 5382 1765 5431 uscue
1777 5380 1812 5421 ao
1831 5380 1941 5421 ruscum

310 5427 330 5479 Ι
355 5453 463 5511 tionem
477 5450 581 5508 Clrristi
594 5454 745 5526 assumptis
758 5454 785 5509 in
799 5454 900 5526 gaudio
911 5469 967 5510 uon
979 5454 1149 5525 incitamus,
1240 5459 1278 5516 lte
1293 5460 1370 5518 lestis
1391 5478 1406 5518 a
1422 5460 1630 5532 Septuapesima
1645 5459 1782 5529 usquead
1805 5456 1996 5515 llesurrcctio·

354 5544 434 5604 ande
452 5545 565 5613 quidam
589 5560 638 5617 pro
651 5546 762 5603 alleluiu
782 5547 909 5603 inmissa
930 5556 1061 5615 cantant,
1077 5547 1150 5607 Lacr
1203 5551 1247 5607 nis
1260 5555 1332 5608 diem
1355 5554 1413 5611 ltsec
1429 5566 1482 5620 est,
1502 5552 1654 5609 secundum
1673 5551 1821 5622 quosdam,
1837 5548 1995 5619 repulaolt-

350 5640 420 5699 tibi.
440 5640 495 5694 Alii
510 5646 654 5697 cantemus
667 5639 731 5697 Eia.
743 5640 810 5709 Quae
824 5649 1009 5698 cantanturet
1022 5643 1150 5714 leguntur
1202 5644 1349 5711 servanda,
1361 5645 1436 5716 quod
1457 5647 1485 5700 in
1502 5644 1572 5701 lesto
1587 5643 1801 5709 Purillcationis,
1812 5639 1996 5698 ereatnedre

310 5693 327 5755 d
348 5734 383 5794 in
400 5733 490 5791 attissa
502 5750 586 5805 qnam
602 5733 745 5793 manifeste
756 5737 789 5792 ad
803 5737 964 5795 innocentes
978 5738 1149 5810 pertineant,
1203 5737 1295 5794 Sancti
1310 5736 1396 5799 Petri.
1411 5747 1439 5794 et
1454 5736 1550 5793 Sancti
1567 5736 1700 5802 llattlriae,
1717 5744 1745 5791 ct
1757 5736 1994 5800 annuntiationis,

310 5793 322 5854 ε
345 5826 530 5899 expositione
540 5842 595 5884 nou
607 5827 740 5900 indigent.
752 5827 864 5887 Festum
876 5828 1055 5889 innocentum
1070 5833 1150 5904 pueri
1201 5842 1229 5887 et
1244 5830 1443 5897 dedicationis,
1457 5840 1484 5885 et
1498 5830 1608 5902 patroni
1624 5829 1764 5899 specialis,
1776 5837 1805 5883 et
1820 5828 1849 5883 in
1860 5829 1996 5885 annotino

310 5879 319 5928 ι
342 5918 499 5982 ecleinem
525 5918 705 5988 innocentes,
734 5921 886 5979 dummodo
913 5924 1065 5982 indeltitonr
1094 5939 1149 5980 non
1201 5923 1319 5990 Pascha,
1334 5924 1425 5981 laudis
1447 5924 1567 5991 cantica,
1584 5932 1614 5979 ut
1629 5921 1664 5978 Tr
1683 5920 1932 5988 boemiensis
1947 5936 1996 5978 es·

344 6020 493 6084 usrrrpent
507 6010 638 6069 odicium.
1202 6018 1278 6076 celsis
1290 6026 1317 6073 ct
1331 6014 1370 6072 lte
1384 6019 1519 6072 miserest
1534 6031 1591 6072 non
1603 6015 1823 6090 supprimantur,
1837 6014 1885 6072 sed
1899 6012 1994 6071 ornoia

389 6170 573 6231 ''Metti-2·
612 6171 772 6246 '’Capil.
812 6174 973 6237 ”Sentii
1013 6178 1034 6206 ¹·
1049 6177 1116 6246 esp.
1136 6179 1179 6236 tt.
1219 6176 1384 6249 “optma
1423 6174 1612 6235 nnunttt.
