5125 7059
597 664 646 725 65¹
1111 667 1216 726 PETNl
1236 668 1360 728 taulus
1379 671 1518 729 cenauit
1537 673 1693 733 boerelli
2168 675 2222 735 ⁶32

596 779 630 834 dc
641 778 752 837 licentia
767 782 876 841 comitis
897 785 976 843 miles
988 785 1145 857 pradictus,
1172 788 1385 861 loquereturque
1399 795 1423 856 Α
1436 792 1506 850 duos
1531 792 1615 850 etiam
1637 792 1788 864 amnigeros
1804 791 1931 864 proprios
1943 792 2053 849 comitis
2075 790 2221 850 intereme-

596 888 658 928 cum
677 873 757 931 eisin
774 884 853 946 porta
869 879 963 947 castri,
990 879 1102 949 quidam
1114 879 1148 938 de
1164 880 1219 938 illis
1238 880 1273 938 de
1293 891 1384 940 rastro
1436 894 1511 941 runt.
1527 884 1616 942 Guido
1630 902 1696 942 veru
1715 883 1800 942 irater
1810 884 1923 942 comitis
1947 885 1975 941 in
1989 885 2221 957 doruoarcbiepi·

596 964 725 1037 sagittam
753 966 809 1026 ictu
835 969 940 1026 balista
958 971 1090 1044 dirigens,
1106 973 1196 1044 ipsum
1222 974 1385 1046 grauissime
1435 977 1511 1049 scopi
1525 986 1586 1035 erat
1598 979 1666 1035 bora
1677 978 1734 1046 illa,
1755 986 1785 1034 et
1799 977 1891 1048 egredi
1903 992 1960 1033 nou
1986 976 2117 1034 audebat.
2141 976 2222 1034 Post·

594 1062 760 1119 uulnerauit.
771 1060 795 1118 0
808 1062 928 1133 proditio
942 1064 1147 1122 crudelissima!
1161 1064 1215 1122 Sed
1230 1084 1285 1124 non
1298 1069 1385 1126 multo
1435 1084 1518 1140 quam
1531 1083 1599 1126 vero
1611 1068 1678 1125 dicti
1690 1069 1765 1127 circs
1783 1068 1888 1126 diutius
1909 1069 2138 1143 impugnaverant
2167 1069 2220 1126 do·

594 1165 667 1225 post,
683 1156 786 1213 scilicet
801 1157 861 1227 ipso
877 1158 921 1214 die
943 1159 984 1214 vel
1003 1159 1031 1214 in
1047 1160 1178 1227 crastino,
1192 1162 1318 1234 contigit,
1338 1163 1385 1235 ju·
1435 1177 1510 1218 mum
1527 1162 1555 1218 in
1570 1178 1625 1235 qua
1643 1173 1702 1220 erat
1723 1162 1890 1230 Almaricus,
1919 1162 2028 1219 tandem
2044 1163 2221 1219 consiliocu·

595 1255 639 1301 sto
654 1244 703 1302 llei
713 1246 830 1317 judicio,
849 1248 921 1319 quod
934 1249 979 1304 ille
993 1251 1121 1319 traditor,
1137 1253 1186 1324 qui
1210 1253 1315 1312 dictum
1329 1255 1384 1312 mi·
1433 1254 1543 1327 jusdam
1555 1257 1624 1313 ciuis
1637 1254 1832 1323 Narbonensis,
1849 1256 2014 1328 quieverunt
2029 1255 2066 1311 ab
2078 1255 2221 1327 impugna·

594 1338 670 1394 litem
687 1349 814 1396 nostrum
825 1350 974 1411 cognatum
990 1357 1083 1410 suum,
1098 1344 1133 1400 ad
1145 1345 1315 1419 colloquium
1333 1364 1383 1406 ro·
1434 1350 1509 1407 tione
1523 1351 1569 1407 illa
1579 1370 1587 1419 ;
1599 1351 1695 1422 sicque
1709 1367 1778 1422 puer
1788 1353 1822 1408 de
1836 1351 1913 1424 grari
1932 1351 2057 1423 periculo
2075 1349 2219 1416 liberatus,

595 1441 718 1500 cauerat,
732 1434 759 1486 in
770 1434 867 1488 eodem
892 1433 954 1491 loco
981 1436 1028 1491 ubi
1044 1437 1202 1498 uulneratus
1226 1440 1328 1510 luerat,
1355 1443 1385 1501 iu
1434 1443 1513 1500 riuus
1526 1459 1575 1515 per
1599 1443 1648 1499 bei
1665 1444 1782 1517 gratiam
1795 1453 1822 1501 et
1832 1459 1918 1501 sanus
1934 1444 2032 1502 erasit
2049 1436 2178 1500 Nunead
2192 1441 2221 1499 id

594 1537 676 1581 crure
690 1525 828 1589 uidelicet.
843 1525 901 1597 ipse
914 1543 929 1584 a
943 1529 1064 1599 quodam
1075 1530 1110 1588 de
1121 1532 1226 1591 uostris
1240 1533 1383 1593 ualidissi·
1433 1535 1508 1608 quod
1520 1535 1675 1592 dimisimus
1687 1544 1866 1592 reuertamur.

594 1633 672 1672 nrum
686 1618 787 1673 vulnus
809 1620 923 1689 accepit.
936 1616 958 1674 0
975 1621 1050 1693 justa
1070 1623 1169 1680 dirime
1182 1625 1296 1682 ultionis
1307 1643 1384 1684 meu·
1469 1626 1612 1685 Necedens
1625 1643 1717 1686 comes
1731 1628 1833 1686 nobilis
1854 1642 1871 1684 a
1884 1637 1977 1684 castro
1991 1626 2134 1700 Alli-pulli
2154 1642 2219 1683 cum

595 1711 675 1764 sura!
690 1706 796 1765 Interea
808 1711 927 1780 petraria
945 1723 1040 1770 nostra
1051 1715 1085 1771 ad
1096 1725 1199 1773 turrem
1215 1719 1300 1776 castri
1314 1735 1383 1776 eon·
1433 1721 1567 1778 militibus
1578 1720 1765 1794 paucissimis,
1793 1720 1905 1778 intrarit
1920 1731 2022 1778 terram
2039 1720 2150 1776 comitis
2163 1716 2220 1774 'lo-

594 1801 672 1856 tinue
678 1800 808 1872 iaciebat.
823 1801 870 1858 Die
887 1814 978 1861 autem
999 1817 1097 1877 quarm
1110 1809 1146 1865 ab
1161 1809 1241 1867 initio
1261 1812 1385 1870 obsidio·
1433 1812 1523 1869 losani
1539 1831 1547 1869 ι
1564 1821 1626 1884 post
1636 1827 1740 1883 paucos
1753 1821 1846 1869 autem
1857 1811 1928 1878 dies,
1941 1819 2077 1867 uenerunt
2093 1812 2129 1866 ad
2153 1823 2218 1865 eum

592 1893 648 1961 nis,
658 1902 720 1964 post
727 1908 856 1951 occasum
865 1896 942 1961 solis,
954 1909 1014 1953 orta
1029 1908 1072 1956 est
1082 1900 1250 1971 spississima
1267 1906 1381 1964 nebula:
1433 1907 1527 1978 plures
1552 1906 1586 1963 de
1598 1905 1761 1962 Alemannis
1774 1905 1928 1978 peregrini;
1952 1912 2096 1974 coeperunt
2123 1911 2220 1976 prete·

594 1985 674 2041 lllide
688 1987 882 2044 castrodiuino
893 1989 991 2044 timore
999 1993 1131 2063 correpti,
1145 2004 1224 2050 nacta
1233 1997 1384 2055 occasione
1433 2014 1479 2054 rea
1497 1997 1531 2054 de
1543 1998 1588 2055 die
1602 1999 1630 2053 ln
1645 1997 1717 2055 diem
1735 1998 1829 2054 uenire
1844 1996 1992 2069 peregrini,
2006 1995 2067 2067 qul,
2082 2006 2112 2051 ut
2136 2010 2220 2066 supra

592 2081 647 2150 apti
661 2080 804 2151 temporis,
819 2090 950 2137 exeuntes
961 2082 996 2139 de
1009 2093 1102 2142 castro
1115 2084 1209 2157 lugere
1221 2101 1381 2159 coeperunt,
1433 2088 1563 2155 diximus,
1580 2089 1614 2146 ad
1640 2089 1863 2160 praedicationem
1889 2087 2028 2145 Guillelmi
2055 2085 2220 2144 rearerabilis

592 2172 667 2243 quod
681 2173 769 2228 nostri
785 2173 977 2245 percipientes,
998 2178 1102 2245 statim,
1115 2179 1237 2237 clamore
1252 2182 1339 2248 lacto,
1353 2185 1382 2242 in
1398 2147 1420 2204 B
1434 2178 1621 2237 archidiaconi
1645 2179 1810 2238 Parisiensis
1825 2188 1852 2235 et
1870 2177 1907 2235 ll.
1922 2177 2018 2236 lacubi
2040 2178 2074 2235 de
2087 2176 2220 2247 l'itriaco,

592 2274 713 2321 castrum
721 2265 1384 2340 irruerunt,etquotquotinveneruntdeluostilrus
1433 2273 1617 2345 crucesignati
1631 2283 1731 2329 eraut:
1747 2282 1774 2330 et
1786 2273 1852 2344 quia
1881 2287 1935 2327 trun
1957 2285 2105 2342 miuus
2126 2271 2220 2328 omnia

592 2354 860 2414 interfeceruntdlii
872 2368 963 2416 autem
975 2362 1002 2416 in
1011 2363 1070 2434 ipsa
1079 2363 1277 2422 obscurissima
1291 2376 1381 2438 nocte,
1432 2366 1571 2440 sigillatim
1586 2367 1751 2437 exprimere,
1766 2364 1905 2437 quomodo
1922 2364 2049 2420 videlicet
2062 2363 2220 2421 misericors

592 2447 657 2505 illos
672 2450 719 2520 qui
735 2448 875 2523 fugiebant
889 2450 1016 2520 insecuti,
1031 2453 1140 2525 aliquos
1152 2470 1186 2512 ex
1201 2456 1243 2513 eis
1253 2473 1381 2530 compre·
1432 2459 1506 2517 lleus
1528 2460 1654 2518 adiebus
1666 2460 1722 2516 illis
1737 2459 1876 2532 negotium
1897 2474 1980 2515 suum
1998 2457 2083 2529 eoepit
2103 2456 2219 2513 mirabi-

591 2538 764 2612 bcnderunt;
784 2543 812 2599 in
830 2544 953 2600 crastino
968 2555 1060 2602 autem
1073 2546 1138 2604 lecit
1149 2563 1244 2607 comes
1257 2560 1381 2609 rastrum
1432 2551 1495 2608 liter
1517 2566 1689 2623 promouere,
1707 2550 1899 2608 haebreuiter
1919 2549 2049 2616 dicimus,
2069 2549 2145 2621 quod
2172 2564 2220 2606 co-

591 2630 660 2687 illud
675 2633 748 2690 dirui
774 2644 801 2690 et
814 2636 960 2691 comburi:
977 2638 1079 2707 quibus
1096 2641 1192 2711 gestis,
1205 2643 1308 2702 milites
1332 2646 1382 2717 qui
1431 2659 1490 2701 mes
1504 2654 1597 2701 noster
1613 2644 1641 2701 in
1664 2644 1828 2700 brevissimo
1840 2651 1960 2714 tempore
1973 2640 2055 2712 plura
2071 2649 2166 2698 eastra
2192 2639 2218 2695 ri

591 2735 725 2783 uenerant
740 2743 756 2783 a
771 2726 887 2786 Francia
906 2745 970 2786 curu
988 2729 1293 2802 ltobertotlalorictno,
1310 2737 1383 2795 sicut
1430 2735 1513 2806 oepit,
1541 2735 1627 2792 multa
1649 2734 1731 2791 etiam
1750 2747 1838 2788 sacua
1853 2732 1968 2789 inuenit.
1991 2729 2109 2788 Nomina
2124 2739 2218 2787 autem

591 2822 721 2890 superius
745 2821 851 2878 dictum
882 2831 937 2891 cst,
962 2833 990 2880 et
1014 2833 1070 2882 tota
1095 2826 1186 2884 bieme
1211 2829 1383 2898 precedente
1430 2838 1673 2900 castrorumque
1688 2828 1759 2885 iulra
1779 2838 1837 2884 tres
1863 2827 2030 2896 septimanas
2048 2825 2221 2897 recuperarit

589 2912 702 2970 fuerant
713 2929 777 2971 eum
789 2916 901 2984 comite,
915 2918 1076 2977 recedentes
1088 2921 1124 2978 ab
1144 2936 1178 2979 eo
1205 2921 1263 2980 lere
1284 2940 1382 2984 omues
1429 2936 1534 2988 comes,
1559 2929 1625 2978 sunt
1650 2921 1703 2976 ista
1724 2937 1732 2975 a
1757 2919 1886 2976 Castrum
1916 2920 1991 2992 quod
2020 2917 2125 2975 dicitur
2149 2916 2219 2986 Cae,

591 3005 626 3061 Μ
652 3008 766 3078 Pf⁰llria
778 3020 948 3066 remearunt.
1430 3013 1648 3081 lions-Naurus,
1663 3011 1694 3070 S.
1717 3010 1804 3081 Felix,
1824 3011 1936 3081 casser,
1960 3010 2219 3078 lions-demaudus,

874 3123 989 3181 cqpqp
1010 3124 1092 3184 gqqq,
1429 3108 1549 3174 drinio,
1568 3106 1598 3163 S.
1611 3105 1737 3175 llicbael,
1748 3114 1776 3162 et
1783 3105 1838 3162 alia
1848 3105 1944 3161 multa.
1956 3103 2026 3159 Dum
2042 3114 2135 3160 autem
2147 3111 2221 3161 esset

592 3213 741 3287 lasargarst
755 3213 942 3272 Narbonenses
957 3218 1089 3275 ntulitiose
1109 3231 1203 3277 corrlra
1214 3220 1381 3279 almaricum
1429 3199 1566 3257 ‘mim
1576 3199 1648 3271 ῬΜ
1657 3206 1777 3254 ⁰²⁸¹¹¹¹¹¹¹
1788 3195 1966 3268 ‘immun'
1973 3193 2094 3251 3⁸⁰⁰¹¹¹⁸
2104 3191 2220 3299 ΜΨ

815 3289 901 3358 [aliani
919 3287 1037 3344 Sinmnis
1052 3294 1178 3348 conritls.-
1430 3290 1605 3362 distabatque
1619 3305 1675 3345 uua
1690 3289 1769 3360 leuga
1796 3303 1813 3344 a
1841 3286 2025 3354 Castronouo,
2058 3294 2219 3359 superuenit

637 3376 737 3436 Scelus
763 3378 902 3449 quoddam
917 3381 1020 3438 ciuium
1046 3381 1279 3457 Narbonensium,
1306 3388 1381 3459 quod
1429 3383 1577 3455 episcopus
1592 3381 1824 3439 Carcassouensis
1845 3379 1947 3456 fluido,
1964 3377 2117 3451 quiluerat
2132 3379 2220 3437 abbas

591 3472 653 3543 ipso
666 3481 788 3544 tempore
803 3485 1007 3547 perpetrarunt,
1023 3495 1077 3534 nou
1088 3481 1226 3539 credimus
1251 3485 1414 3556 ominem-c
1431 3472 1550 3530 V²l¹i¹¹¹¹¹
1564 3482 1652 3546 θῑθὸθ
1665 3489 1729 3530 cum
1746 3487 1796 3541 0⁰3
1811 3473 1870 3544 ipse
1883 3472 1958 3529 essim
1979 3479 2043 3543 9⁰³¹
2061 3471 2219 3544 e⁸l>tionem

590 3565 683 3620 dum:
707 3566 783 3621 cives
810 3568 883 3623 enim
922 3567 1126 3641 Narbonenses,
1149 3573 1277 3632 bomines
1302 3586 1381 3634 eraut
1430 3569 1742 3641 Mil-bblllsfmem
1758 3568 1929 3625 ’MENNN
1943 3567 2034 3623 ⁸<¹¹¹¹¹⁰
2048 3566 2166 3636 ⁸¹00¹⁸¹⁸s
2191 3575 2220 3624 ὅ

591 3658 716 3729 pessimi,
730 3669 757 3714 et
769 3674 910 3730 nunquam
921 3661 1073 3718 dilexerant
1081 3665 1291 3737 negotiumlesu
1305 3667 1382 3723 Chri·
1430 3672 1587 3734 perrexerat
1599 3660 1769 3730 Narbonam,
1784 3671 1816 3718 ut
1840 3675 1904 3716 cum
1924 3659 2037 3716 domitto
2052 3657 2154 3715 abbate
2172 3657 2219 3714 (ii-

590 3751 639 3818 sti,
654 3751 718 3809 licet
731 3767 779 3823 per
793 3753 884 3825 ipsum
903 3756 1043 3827 negotium
1058 3757 1164 3815 inlluita
1188 3761 1382 3831 provenissent
1430 3755 1585 3823 aberdensi,
1598 3756 1648 3828 qui
1658 3754 1741 3813 etiam
1755 3762 1815 3811 erat
1827 3753 1931 3811 electus
1941 3751 1969 3809 in
1982 3751 2220 3824 archiepiseopuat

590 3844 632 3901 eis
645 3845 729 3902 bona.
752 3844 880 3913 Quodam
895 3847 939 3904 die
951 3847 1041 3906 Guido
1059 3849 1145 3908 irater
1156 3853 1267 3909 comitis
1280 3855 1379 3922 nostri,
1430 3847 1647 3917 Narbonensem,
1658 3847 1876 3906 consecrationis
1885 3844 2049 3903 benellciura
2061 3844 2217 3901 sortiretur.

590 3946 619 3994 et
632 3938 832 4010 primogenitus
846 3940 955 3997 comitis
968 3940 1122 4001 Almarieus
1145 3942 1303 4001 Narbonam
1319 3962 1381 4018 per·
1430 3943 1575 4001 Destructo
1589 3943 1673 4015 igitur
1698 3941 1823 3999 lunditus
1835 3949 1939 4008 castro,
1964 3939 2040 4011 quod
2064 3937 2169 3995 dicitur
2188 3934 2218 3995 S.

589 4040 722 4089 rexerunt
735 4049 742 4084 ι
756 4044 857 4090 etcum
872 4042 947 4090 esset
971 4035 999 4090 in
1021 4036 1131 4093 civitate
1154 4038 1199 4095 illa
1223 4040 1314 4095 dictus
1330 4038 1380 4095 dl·
1430 4034 1557 4102 bliclaael,
1572 4033 1715 4107 proposuit
1725 4048 1819 4091 eomes
1832 4032 1961 4091 obsidere
1972 4029 2040 4087 illud
2058 4029 2155 4087 nobile
2176 4044 2219 4086 ea·

589 4122 724 4190 muricus,
739 4131 832 4193 utpote
844 4139 923 4194 puer,
934 4141 1017 4183 causa
1030 4129 1164 4199 spatiandi
1179 4129 1292 4188 intrarit
1305 4133 1381 4204 pala·
1430 4138 1518 4186 strum
1528 4126 1604 4201 quod
1615 4127 1716 4184 dicitur
1735 4124 1851 4183 Podium
1862 4123 2020 4190 Laurentii3
2037 4121 2216 4195 quodetiam,

590 4214 660 4271 tiam
683 4213 813 4272 timerlci
836 4217 1104 4288 domiuriNarboruae;
1129 4222 1260 4293 palatium
1287 4234 1379 4282 autem
1430 4223 1504 4281 sicut
1516 4236 1599 4294 supra
1621 4220 1753 4285 diximus,
1774 4234 1849 4276 anuo
1869 4216 2033 4288 praecedeuti
2051 4231 2070 4272 a
2094 4215 2218 4273 dominio

589 4307 659 4363 illud
674 4316 815 4365 uetustum
832 4318 902 4376 erat,
916 4319 944 4366 et
967 4313 1046 4382 quasi
1066 4314 1094 4370 in
1112 4316 1270 4374 solitudinis
1287 4318 1380 4374 deser·
1429 4316 1491 4388 elus
1503 4323 1664 4373 recesserat.
1682 4312 1822 4369 llouentes
1835 4311 1920 4382 igitur
1944 4318 1973 4365 et
1990 4307 2027 4364 ad
2040 4316 2168 4365 cautam
2185 4306 2218 4362 il-

589 4407 649 4453 tum
662 4398 895 4455 redactumllum
908 4401 991 4471 igitur
1004 4403 1094 4459 dictus
1107 4404 1265 4462 Almarieus
1280 4422 1380 4478 quam·
1429 4407 1477 4464 lud
1497 4410 1649 4472 madentes,
1664 4405 1777 4461 luimus
1789 4402 1907 4460 tentoria
1924 4401 1952 4458 iu
1975 4401 2037 4457 loco
2050 4415 2139 4472 prope
2161 4396 2237 4454 po..

589 4492 654 4548 dam
669 4491 818 4549 lenestram
831 4494 924 4564 palatii
940 4512 1023 4553 manu
1040 4505 1174 4568 tangeret,
1187 4507 1214 4555 et
1224 4498 1306 4555 uellet
1317 4514 1379 4556 eam
1429 4497 1507 4556 dium
1517 4496 1668 4564 Laurentii,
1693 4497 1728 4553 ad
1755 4497 1825 4553 duas
1848 4493 1936 4550 lerme
1956 4491 2061 4562 leugas.
2083 4489 2147 4563 lpsa
2174 4490 2217 4546 die

589 4585 708 4654 aperire,
740 4583 861 4641 fenestra
886 4585 933 4641 illa
951 4587 1035 4642 nimia
1061 4596 1197 4645 uetustate
1214 4600 1379 4660 consumpta
1430 4601 1648 4665 supervenerunt
1661 4589 1808 4663 peregrini,
1824 4586 1987 4659 praepositus
1996 4584 2128 4641 videlieet
2140 4582 2217 4641 ceto

589 4689 656 4730 casu
677 4675 796 4732 cecidit:
815 4690 872 4746 quo
896 4674 979 4753 lacto,
995 4676 1150 4733 lllmaricus
1180 4677 1311 4732 rediitad
1330 4677 1379 4732 do-
1429 4685 1535 4743 niengis
1558 4684 1688 4742 Ecclesia
1701 4678 1968 4755 pulensetnobilis,
1983 4678 2134 4750 pluresque
2153 4692 2215 4734 mam

588 4767 896 4838 munrlemplariorum
913 4768 960 4824 ubi
978 4777 1043 4824 tunc
1063 4769 1264 4839 hospitabatur.
1288 4769 1378 4826 Guido
1429 4795 1463 4835 ω
1487 4779 1596 4835 nobile.
1621 4776 1766 4832 Alemanni
1780 4793 1788 4830 ς
1804 4788 1898 4832 come,
1917 4781 2012 4827 auam
2030 4768 2140 4828 1010„
2159 4779 2217 4826 mr

588 4876 657 4917 uero
671 4860 756 4918 lrater
768 4862 878 4918 comitis
892 4863 959 4918 liora
973 4863 1018 4918 illa
1045 4872 1105 4919 erat
1129 4864 1156 4918 in
1173 4864 1255 4918 domo
1269 4864 1375 4920 arcbie
1393 4844 1500 4943 ”apud
1514 4871 1631 4928 podium
1645 4867 1786 4925 harenari
1803 4882 1866 4923 cum
1884 4865 1943 4922 suis
1962 4861 2097 4935 ruptariis
2122 4861 2215 4917 lanst-

589 4954 695 5024 plscopi
710 4952 913 5020 Narbonensis,
931 4965 958 5012 el
969 4958 1061 5012 statim
1087 4957 1163 5014 cives
1183 4955 1379 5013 Narbonenses
1429 4965 1479 5032 tis;
1503 4972 1690 5018 verumtamen
1716 4960 1830 5016 audiens
1852 4964 1962 5013 noetros
1984 4955 2215 5027 appropinquare,

589 5056 744 5116 quaerentes
755 5048 929 5104 occasionem
943 5050 976 5104 ad
988 5048 1142 5105 laciendum
1158 5051 1274 5118 malum,
1291 5050 1379 5121 impo-
1428 5063 1587 5126 exspectare
1601 5067 1657 5109 non
1667 5061 1710 5108 est
1724 5066 1826 5116 ausum
1838 5047 1887 5105 sed
1900 5046 2216 5104 eumuelociraoefflm

590 5139 846 5209 sueruntpraedicto
861 5141 1282 5210 parsollliouidelicetcomitis,
1302 5140 1378 5213 quod
1428 5147 1463 5204 (le
1485 5145 1590 5213 basam,
1604 5159 1757 5217 omnesque
1780 5143 1865 5201 curri
1888 5140 2016 5198 homines
2042 5155 2140 5198 mm
2158 5148 2215 5196 ιη.

589 5230 764 5286 voluissetui
783 5233 886 5288 intrare
901 5234 1034 5304 palatium
1062 5231 1244 5292 beneficio
1266 5234 1377 5292 modica
1428 5242 1508 5305 bens,
1525 5237 1595 5310 lugit
1606 5253 1703 5294 versus
1726 5236 1866 5304 Tolosam,
1880 5245 2004 5292 castrum
2017 5246 2140 5288 vacuum
2166 5229 2214 5286 de·

590 5323 702 5380 srelcris
725 5325 882 5394 perficiendi
908 5329 1030 5396 occasio,
1068 5331 1125 5385 imo
1157 5330 1248 5385 nulla!
1276 5329 1377 5385 Statim
1428 5330 1596 5399 relinquens.
1623 5325 1797 5384 Orerordia
1813 5324 1943 5392 bominis,
1964 5320 2215 5392 oeontemptibilis

588 5427 766 5475 armaverunt
781 5434 812 5474 se
832 5421 905 5477 ciues
924 5421 1040 5492 praelati,
1069 5432 1097 5480 et
1123 5436 1265 5479 currentes
1289 5423 1378 5479 donee
1428 5434 1523 5492 stupor
1534 5419 1647 5475 mentis!
1662 5418 1691 5475 ln
1707 5420 1829 5476 crastino
1840 5433 1949 5475 summo
1969 5414 2093 5472 diluculo
2103 5413 2216 5470 senice·

586 5512 714 5567 ventrem
738 5513 772 5569 ad
786 5514 877 5571 locum
894 5516 939 5571 ubi
954 5528 1013 5573 erat
1024 5533 1103 5588 puer,
1118 5519 1146 5573 iu
1162 5519 1248 5589 ipsam
1263 5517 1376 5574 domum
1428 5525 1469 5572 tes
1482 5515 1516 5570 ad
1530 5523 1662 5581 castrum,
1685 5523 1713 5568 et
1730 5513 1901 5567 inuenientes
1916 5510 2006 5581 ipsum
2020 5521 2155 5572 uacuum,
2174 5503 2215 5560 ul·

587 5602 809 5675 Templariorum
835 5606 987 5679 irrumpere
1011 5611 1192 5682 satagebant:
1205 5610 1303 5667 uidens
1327 5625 1376 5665 au·
1427 5607 1513 5664 terius
1531 5607 1717 5678 processimus
1739 5613 1768 5660 et
1781 5605 1892 5660 llximus
1905 5601 2023 5659 tentoria
2041 5603 2072 5656 in
2098 5597 2215 5671 quadam

585 5709 642 5753 tom
655 5712 735 5767 puer,
760 5697 825 5769 quia
844 5701 1003 5770 quaerebant
1024 5703 1145 5758 animam
1166 5704 1237 5776 ejus,
1257 5702 1377 5759 annarit
1426 5704 1505 5761 valle.
1519 5704 1607 5761 Guido
1620 5713 1711 5758 autem
1724 5702 1757 5758 dc
1769 5700 1880 5762 Luccio,
1895 5697 1938 5754 cui
1949 5709 2043 5752 comes
2053 5691 2214 5766 jamdudum

584 5801 616 5842 se
626 5797 654 5843 et
670 5788 698 5843 in
712 5789 833 5861 quadam
846 5802 922 5847 turre
935 5792 1035 5850 domus
1049 5792 1270 5867 Templariurum
1290 5812 1320 5853 se
1332 5814 1377 5854 re·
1427 5799 1541 5856 dederat
1551 5805 1672 5853 castrum
1687 5795 1752 5850 illud
1773 5791 1851 5849 Pedii
1875 5787 2030 5856 Laurentii,
2054 5786 2170 5843 intrarit
2183 5786 2209 5841 il·

587 5877 819 5949 cipiens,alacie
838 5883 960 5940 bostium
985 5885 1172 5944 seabscondit
1188 5905 1194 5942 ε
1210 5896 1238 5944 at
1264 5887 1306 5944 illu
1325 5889 1376 5945 do·
1427 5889 1511 5947 ludet
1525 5897 1604 5960 gente
1618 5902 1668 5943 sua
1682 5886 1808 5941 muniuit.
1823 5882 1968 5939 Exercitus
1982 5888 2077 5936 autem
2093 5887 2214 5935 moratas

589 5985 665 6025 unum
678 5973 852 6042 saepedictam
870 5976 1071 6035 instantissime
1095 5981 1307 6054 impugnabant;
1328 5983 1375 6039 alii
1426 5993 1470 6041 est
1481 5984 1552 6039 duos
1566 5982 1626 6039 dies
1637 5995 1721 6052 prope
1732 5989 1854 6036 castrum
1870 5979 1897 6033 in
1911 5974 2034 6052 quadam
2050 5973 2123 6030 ralla
2147 5988 2156 6027 a
2179 5970 2213 6026 ibi

588 6058 772 6134 Fraucigeuas
785 6083 854 6136 quus
868 6068 895 6123 iu
910 6068 1018 6126 ciuitate
1035 6072 1208 6142 reperiebant
1222 6076 1374 6146 apprehen·
1426 6077 1582 6134 nuntiatum
1595 6084 1638 6132 est
1648 6073 1744 6132 comiti
1757 6081 1862 6137 nostro,
1878 6070 1953 6142 quod
1982 6066 2124 6140 peregrini
2140 6063 2212 6122 multi

588 6155 694 6224 dentes,
720 6157 813 6229 plures
834 6162 1004 6220 occiderunt.
1030 6164 1053 6220 0
1081 6165 1174 6224 rabies
1190 6167 1371 6239 iniquorum!
1427 6177 1454 6225 et
1465 6169 1556 6242 magni
1582 6166 1812 6239 liotlromagensis
1832 6162 1957 6221 videlicet
1990 6157 2211 6232 arelriepisuopus
