5125 7059
871 728 1049 788 oretenus
1064 724 1107 787 be
1125 730 1193 788 tsu
1214 729 1433 820 uounrtuttitt.
1907 728 1959 789 titt

447 848 477 890 rr.
490 829 585 904 ltaque
597 845 659 892 ante
674 845 766 893 rutum
777 845 820 894 est
831 838 1036 901 deliberandum
1046 863 1054 912 ;
1066 855 1127 917 post
1143 851 1161 904 ti
1177 847 1296 916 ptivatus
1316 859 1365 914 per
1384 843 1556 914 septuaginta
1569 857 1657 899 annos
1670 841 1723 899 sub
1736 842 1806 898 duro
1820 843 1960 900 seruitutis

461 940 527 982 uero
554 929 794 997 perseuerandum.
826 928 973 1003 Postquam
992 937 1066 991 enim
1092 938 1126 992 ad
1177 939 1253 993 fasce
1279 935 1419 1005 gemebat;
1444 948 1524 1005 quem
1547 941 1640 990 tamen
1665 933 1806 998 Dominus,
1825 935 1960 991 ubirenit

448 1015 625 1073 bstiuentiam
643 1019 666 1073 si
686 1021 748 1089 quis
766 1027 829 1076 rote
847 1022 1014 1090 astrinxerit,
1031 1026 1060 1081 frt
1080 1042 1128 1082 ne·
1177 1037 1286 1099 tempus
1299 1023 1447 1082 miserendi
1458 1024 1528 1094 eius,
1548 1024 1633 1078 natali
1648 1024 1707 1080 solo
1719 1032 1748 1080 et
1759 1029 1858 1094 optatae
1877 1023 1960 1080 liber·

447 1111 498 1165 ium
518 1115 546 1164 et
565 1112 681 1179 poenale,
696 1112 720 1167 si
741 1128 796 1168 non
822 1120 964 1184 teneatur3
984 1118 1017 1172 ad
1041 1118 1125 1190 quod,
1177 1121 1224 1175 tati
1247 1117 1387 1176 reddebat.
1405 1116 1451 1173 Sic
1465 1133 1515 1174 nos
1528 1131 1637 1188 quoque
1650 1130 1666 1170 a
1680 1125 1791 1187 paterna
1813 1115 1960 1172 traditione

448 1216 487 1267 m,
502 1208 631 1272 tanquam
647 1205 841 1272 uoluntarium,
859 1216 924 1264 ante
937 1209 1007 1265 banc
1023 1211 1128 1282 obliga·
1177 1230 1226 1285 per
1238 1214 1440 1285 subreptionem
1453 1219 1479 1268 et
1493 1212 1626 1267 incuriam
1646 1210 1765 1274 obducti,
1779 1211 1888 1266 tandem
1900 1210 1957 1266 lieo

449 1295 696 1364 ‚noncogebatun
712 1296 855 1353 Abstinere
873 1306 963 1354 autem
985 1315 1016 1356 se
1035 1315 1128 1357 acar·
1176 1306 1315 1378 pmpitio,
1331 1305 1364 1359 ad
1388 1304 1584 1374 antiquissimae
1615 1302 1788 1358 abstinentie
1820 1302 1960 1372 exemplar

447 1382 592 1449 tallicctur,
603 1385 729 1456 quisquis
740 1388 818 1457 juata
842 1387 970 1460 Regulam
996 1391 1066 1448 beati
1081 1393 1127 1449 ue
1177 1412 1274 1453 sunrus
1291 1396 1405 1451 reducti.
1419 1394 1531 1450 Frustra
1545 1409 1610 1465 ergo
1625 1394 1658 1447 ad
1674 1392 1864 1449 stabiliendam
1880 1407 1957 1447 suam

448 1474 549 1538 ‚vium
563 1490 639 1530 tuctu
664 1491 694 1532 tc
708 1477 777 1533 telle
799 1479 941 1537 instituere
961 1483 1124 1551 profitetur:
1176 1489 1314 1546 carnalem
1329 1489 1552 1546 consuetudinem
1569 1487 1621 1542 sibi
1638 1487 1763 1542 carnales
1777 1486 1810 1541 rle
1829 1486 1960 1557 temporis

447 1566 567 1624 uctoritas
578 1568 646 1623 tanti
660 1569 739 1625 ducis
752 1578 780 1626 et
802 1575 977 1644 praeceptoris
997 1576 1067 1632 bane
1079 1577 1128 1631 ab·
1177 1581 1341 1652 prolixitate,
1356 1589 1384 1636 ct
1402 1596 1458 1637 sure
1480 1577 1677 1636 dissuetudinis
1690 1577 1868 1633 blandiuntur
1887 1577 1960 1631 anti·

447 1658 504 1713 iarn
518 1658 555 1714 ita
581 1660 767 1718 indubitanter
788 1666 907 1733 sanciat;
933 1674 963 1721 ut
983 1666 1054 1723 lranc
1076 1668 1126 1724 ob·
1176 1672 1289 1742 quitate.

447 1760 466 1811 a,
479 1746 524 1816 pie
533 1747 687 1806 uolentibus
696 1751 797 1818 uiuere,
811 1756 964 1810 necessitas
976 1758 1124 1815 incumbat.
1209 1761 1288 1828 Quod
1299 1775 1364 1815 uero
1377 1775 1427 1816 sua
1449 1759 1508 1815 brac
1528 1775 1611 1832 praua
1624 1758 1792 1816 consuetudo
1809 1756 1959 1828 refragetur

447 1837 492 1893 rim
508 1841 653 1897 consilium
668 1850 720 1910 est,
738 1845 809 1914 quod
826 1848 957 1916 proterio·
972 1849 1032 1906 sine
1046 1851 1126 1923 culpa
1176 1851 1366 1909 consuetudini
1387 1850 1507 1907 honestae
1533 1851 1785 1922 antiquissimorum
1817 1849 1960 1904 coenobio·

456 1938 521 1987 aute
541 1941 645 1997 retum,
672 1935 735 1990 licet
759 1937 866 1993 landem
892 1955 947 1994 uon
972 1951 1124 2011 mereatur;
1176 1946 1306 2017 turulfi)
1328 1943 1440 2015 AEgypti
1459 1952 1486 2001 et
1503 1944 1647 2000 Palestinae
1661 1943 1809 2014 pmrinciae
1829 1942 1873 2012 (de
1898 1941 1960 2011 qui·

447 2025 534 2094 ccepti
554 2025 700 2088 institutio,
714 2029 785 2098 quod
797 2030 945 2103 sinecuipa
958 2042 1020 2103 post
1032 2043 1125 2090 uotum
1175 2039 1226 2094 bus
1245 2035 1325 2108 quasi
1339 2036 1456 2106 quodam
1482 2035 1631 2106 purissimo
1656 2034 1741 2098 fonte,
1763 2032 1895 2104 quidquid
1920 2047 1960 2086 rc·

447 2117 647 2185 praevaricator.
661 2117 739 2176 Unde
757 2128 800 2177 est
819 2123 885 2179 illud
904 2144 910 2180 :
928 2125 1035 2195 Siquid
1052 2145 1127 2185 ιοιι·
1175 2129 1279 2199 gularis
1292 2127 1443 2198 discipline
1460 2125 1603 2189 babemus,
1615 2124 1746 2190 manarit)
1759 2123 1820 2178 lieet
1832 2120 1960 2192 superius

447 2208 521 2274 nino,
536 2212 691 2266 remoreris
710 2212 830 2278 reddere:
843 2216 906 2287 quia
923 2220 1035 2289 requiret
1058 2222 1126 2276 iliud
1140 2185 1161 2242 B
1176 2220 1365 2292 copiosissime
1390 2218 1426 2275 sit
1448 2217 1675 2280 demonstratum,
1692 2222 1783 2269 tamen
1797 2221 1824 2269 et
1850 2228 1883 2268 ea
1907 2212 1960 2267 boc

447 2301 698 2360 minorennium
715 2306 868 2381 (Ecetra).
886 2311 1030 2384 Qureergo
1050 2316 1126 2386 prius
1175 2323 1299 2369 astruere
1327 2325 1472 2382 possumus
1501 2306 1574 2379 quod
1600 2307 1644 2364 rel
1671 2318 1817 2375 nusquam,
1847 2304 1890 2360 uel
1914 2303 1959 2358 riu

447 2395 496 2450 trie
510 2405 651 2460 reveratur,
671 2406 732 2469 post
745 2407 838 2456 voturn
863 2407 1020 2466 necessaria¹
1033 2408 1125 2478 requi·
1176 2420 1292 2476 usquam
1304 2404 1333 2460 in
1352 2404 1450 2475 ¹aliquo
1464 2399 1637 2472 prolatarum
1661 2399 1801 2470 regionum
1821 2394 1958 2459 coenobio,

464 2495 492 2543 et
516 2487 659 2544 debentur.
679 2488 755 2546 Unde
779 2500 826 2546 aut
852 2494 967 2566 quisque
986 2497 1127 2568 professor
1176 2496 1266 2550 adbuc
1278 2491 1436 2564 hujusmodi
1454 2488 1616 2547 dissuetudo
1633 2496 1752 2544 tenetur.
1779 2485 1808 2540 Si
1822 2501 1888 2540 uero
1902 2485 1960 2539 berc

447 2585 495 2634 ctm
521 2580 693 2636 abstinentiae
720 2583 790 2638 banc
814 2593 963 2655 spontanea
989 2590 1127 2647 roluntate
1176 2587 1275 2643 misera
1298 2583 1468 2642 consuetudo
1494 2583 1584 2638 adbuc
1606 2583 1634 2636 in
1660 2580 1752 2650 aliquo
1768 2577 1959 2649 praedictarum

447 2668 511 2732 itur,
529 2680 576 2725 aut
601 2687 665 2727 reus
685 2673 740 2728 ruti
762 2674 797 2731 ad
823 2675 905 2745 buius
924 2679 1126 2738 observantiam
1176 2679 1379 2751 provinciarum
1394 2675 1560 2732 munasterio
1582 2673 1730 2739 inuenitur,
1747 2687 1808 2743 quae
1831 2677 1886 2726 tam
1906 2669 1959 2724 lato

460 2762 592 2833 regularis
614 2763 765 2834 disciplinae
782 2765 871 2822 redire
890 2767 964 2838 juste
986 2774 1127 2844 compelli-
1177 2778 1394 2845 pernostrarurn
1408 2767 1528 2840 partiunt
1549 2766 1675 2822 coenobia
1699 2762 1846 2819 inolevisse
1869 2759 1959 2817 cerni·

448 2867 484 2908 un
509 2855 581 2909 enim
609 2857 681 2910 maia
710 2858 848 2925 uoluntas,
869 2868 939 2917 teste
962 2864 1125 2935 Augustino,
1176 2871 1239 2929 tur;
1263 2860 1391 2925 dicimus,
1419 2859 1484 2931 quia
1508 2854 1735 2930 generaliletin
1754 2853 1869 2909 veritate
1887 2849 1960 2907 anti·

447 2959 522 3016 ‘⁰9⁰¹'
535 2948 714 3019 permittenda
731 2960 774 3007 est
791 2952 926 3023 libertati;
941 2956 1000 3020 ted,
1018 2959 1065 3014 ubi
1078 2976 1122 3030 po·
1175 2955 1371 3027 quissimorum
1387 2951 1497 3007 botrum
1512 2947 1716 3014 consuetudini,
1731 2961 1880 3018 paucorum
1900 2959 1960 3000 ιιιο·

447 3037 538 3106 datur,
553 3049 581 3096 et
603 3056 618 3095 a
633 3044 705 3098 malo
728 3043 908 3113 probibenda,
922 3049 997 3103 etad
1023 3050 1126 3107 bonum
1175 3048 1324 3104 dernorum
1338 3061 1392 3101 non
1407 3043 1487 3101 debet
1495 3042 1616 3115 praeponi
1630 3041 1672 3097 rel
1683 3039 1960 3111 praeiudicareemen·

447 3131 522 3196 enda
536 3150 544 3186 :
559 3134 786 3203 quemadmodum
807 3136 853 3192 ilii
869 3138 951 3195 lsrael
966 3142 1125 3200 resistentes
1176 3140 1266 3195 danda
1281 3135 1452 3195 dissuetudo.
1469 3135 1549 3201 Nam,
1564 3135 1627 3190 licet
1640 3133 1686 3188 illa
1707 3130 1821 3203 reproba
1840 3143 1958 3184 consue·

447 3234 587 3281 morantes
607 3226 683 3284 duris
698 3228 1024 3307 flagellisallligcbautur,
1040 3245 1068 3293 et
1091 3236 1125 3293 ad
1175 3231 1242 3286 tudo
1255 3228 1328 3301 apud
1341 3227 1487 3284 modernos
1499 3240 1567 3298 pene
1581 3237 1677 3281 omnes
1686 3222 1801 3278 celebris
1811 3221 1959 3285 babeatnr;

458 3317 648 3386 promissionis
660 3321 902 3391 compellebantur.
1175 3322 1294 3379 dicimus
1314 3331 1405 3376 tamen
1431 3334 1465 3376 ex
1489 3317 1582 3374 uerbis
1604 3315 1749 3387 Augustini
1773 3314 1867 3380 :Quin
1890 3312 1959 3366 ratio

447 3450 451 3465 .
481 3408 627 3476 Confiteor,
648 3428 721 3467 uuoc
741 3430 784 3471 me
808 3415 994 3474 indubitanter
1014 3435 1126 3480 comere
1176 3411 1360 3470 comuetudini
1377 3408 1558 3481 untmonendn
1579 3417 1618 3464 eat
1639 3420 1787 3479 paucorum
1811 3404 1959 3460 moderno-

447 3501 519 3558 tdum
534 3503 697 3560 uidebantur
709 3505 824 3564 incerta.
843 3506 932 3566 Ursum
946 3527 1032 3578 nnnc,
1052 3516 1125 3585 quoq
1139 3537 1160 3597 c
1177 3519 1250 3572 rum,
1262 3502 1310 3560 cul
1323 3509 1416 3559 tamen
1428 3499 1552 3571 exempla
1566 3496 1735 3554 concordant
1747 3495 1869 3552 omnium
1887 3495 1961 3550 anti·

447 3600 479 3659 st,
490 3608 550 3660 oro,
562 3592 663 3661 facias;
685 3603 714 3650 ut
729 3595 855 3654 uidelicet
871 3614 923 3656 nos
940 3603 1126 3672 responsioni·
1176 3607 1304 3665 tinorum·

448 3701 472 3753 a,
486 3685 559 3740 uelut
571 3688 689 3758 quodam
711 3688 912 3761 inexpugnabili
926 3700 1015 3760 muto,
1030 3704 1125 3752 ωῃιη
1210 3686 1244 3741 Et
1257 3692 1289 3741 ut
1311 3683 1412 3741 rationi
1436 3689 1463 3740 et
1475 3679 1606 3751 exemplis
1621 3680 1707 3751 legem
1720 3675 1889 3735 concordare
1910 3676 1963 3732 do-

447 3792 548 3833 ocures
569 3792 686 3844 armare,
704 3782 751 3852 qui
767 3782 846 3839 nobis
859 3783 1048 3856 obloquentes,
1063 3787 1126 3845 licet
1174 3769 1701 3845 eearnus,beati(15priaulsententiam
1715 3767 1744 3823 1¹¹
1759 3767 1878 3823 medium
1895 3781 1960 3837 ΡΝ·

448 3872 504 3922 itte
517 3867 684 3931 deficientes,
703 3872 829 3929 humanis
842 3874 951 3942 quidem
973 3877 1126 3936 rationibus
1174 3868 1310 3934 feramus;
1326 3873 1356 3922 ut
1369 3863 1586 3922 aduersariorum
1599 3862 1767 3934 objectiones
1780 3858 1960 3931 irrefragabili

447 3955 510 4013 ised
525 3966 615 4015 tamen
629 3959 775 4018 infecunda
790 3962 918 4019 facundia
938 3966 1062 4023 nituntur
1075 3985 1126 4028 nos
1175 3961 1338 4018 ῦῦθῑθῐὶῑίῑθ
1362 3957 1535 4015 Suffoeefflllf·
1563 3955 1703 4025 lefffl·
1727 3953 1826 4023 induli·
1852 3966 1961 4006 wiltu·

447 4064 509 4106 rare.
521 4049 550 4106 ln
561 4052 735 4109 multitudine
748 4056 820 4111 enim
835 4058 1005 4126 peccantium
1018 4060 1126 4131 culpam
1175 4054 1248 4116 tude,
1260 4052 1428 4124 quantumuis
1444 4059 1554 4113 uetusta,
1569 4049 1736 4122 qttnftmtt't
1752 4047 1869 4118 allicuit.
1891 4043 1960 4099 teti·

448 4144 590 4200 extenuari
619 4152 647 4200 et
660 4146 765 4215 palliari
788 4162 869 4218 posse
890 4156 1027 4220 putantes.
1043 4167 1127 4223 seque
1169 4146 1226 4211 tati
1238 4144 1344 4199 omnino
1358 4151 1398 4199 ert
1407 4140 1586 4213 postponenda
1599 4156 1610 4196 .·
1624 4151 1650 4197 et
1663 4156 1737 4205 unua,
1748 4138 1793 4210 qui
1806 4136 1910 4193 ueritati
1921 4143 1962 4190 eet

447 4236 523 4290 neria
548 4236 732 4292 assentatione
750 4238 903 4308 palpantes,
920 4241 956 4294 ita
978 4250 1127 4298 occurrunt
1175 4237 1336 4303 contrarius,
1351 4235 1504 4292 uiolentius.
1527 4234 1603 4291 Unde
1620 4230 1741 4289 isidorus
1761 4231 1788 4286 in
1803 4228 1961 4301 Sqnongrnir

447 4340 494 4381 rare
507 4325 762 4398 objicientes,quasi
774 4328 862 4400 lapide
873 4330 988 4386 frontem
1004 4341 1126 4389 nostram
1174 4332 1245 4388 libro
1276 4329 1398 4387 seeundo
1423 4344 1431 4381 ι
1463 4327 1532 4384 deur
1556 4326 1709 4382 auctoritati
1735 4325 1829 4386 cedat:
1852 4336 1962 4391 prauum

447 4424 526 4473 rates.
538 4415 668 4482 Nimium,
678 4418 815 4489 inquiunt,
827 4420 930 4475 effluxit
943 4430 1060 4492 tempus,
1072 4440 1127 4495 quo
1174 4438 1252 4477 urum
1259 4422 1302 4478 fec
1313 4421 1414 4476 stratio
1424 4420 1520 4475 sinent.
1535 4418 1704 4489 Augustinus
1717 4431 1825 4488 quoque
1836 4413 1875 4470 fle
1885 4413 1962 4469 unice

447 4521 494 4563 rae
506 4516 601 4564 nostra
619 4509 803 4579 consuetudo;
817 4519 845 4567 et
857 4511 909 4567 sub
919 4512 970 4568 bae
985 4514 1063 4571 ruulti
1080 4531 1126 4573 re·
1175 4513 1306 4583 baptianro
1325 4510 1394 4568 libro
1409 4524 1440 4566 nr
1457 4529 1464 4564 ε
1486 4508 1603 4564 i'eritate
1616 4505 1787 4575 manifestata
1800 4503 1876 4559 redut
1899 4517 1963 4556 con·

447 4596 500 4653 riri
512 4612 546 4653 ex
564 4597 617 4653 bac
639 4599 694 4653 uita
715 4600 915 4670 migraveruot3
938 4610 966 4659 et
980 4601 1042 4660 iden
1060 4621 1128 4663 usus
1175 4607 1287 4662 suetudo
1300 4603 1415 4660 unitati.
1428 4600 1512 4657 Plane
1524 4601 1583 4673 quis
1596 4598 1697 4655 dubitet
1709 4597 1845 4654 ueritatem
1857 4608 1963 4649 censue·

447 4701 489 4758 quc
505 4688 619 4758 longaevi
638 4690 724 4762 legem
736 4691 793 4761 jam
806 4693 958 4750 imitantur.
1177 4697 1262 4752 rudini
1274 4695 1382 4752 cederet
1392 4693 1457 4750 ltem
1472 4712 1481 4750 t
1497 4691 1583 4748 Nemo
1599 4689 1812 4748 senectudinem
1825 4686 1924 4741 rationi
1936 4693 1962 4740 et

447 4775 664 4844 ‚duodenum
679 4780 745 4850 quia
760 4783 917 4838 auctoritati
942 4799 1028 4842 sacrm
1048 4785 1126 4842 Scri·
1175 4786 1509 4859 aeritctiprnpenct,quic
1521 4781 1733 4839 comuetudinern
1747 4779 1818 4834 rotie
1830 4776 1961 4832 etaeritaa

448 4882 504 4924 nou
518 4868 654 4934 innititur,
668 4870 763 4927 eudem
778 4871 909 4931 facilitate
930 4878 1126 4943 contemnitur,
1143 4877 1279 4948 bseorper
1293 4877 1422 4935 excludit.
1435 4872 1500 4931 item
1515 4873 1586 4930 idem
1605 4871 1639 4928 ad
1662 4869 1827 4927 Casulauum
1849 4865 1962 4939 presby-

448 4961 559 5017 truitur.
588 4961 694 5016 llicitur
720 4964 792 5019 eninr
816 4965 857 5021 eis
882 4981 899 5022 e
921 4966 1040 5034 diverso,
1063 4973 1128 5042 quia
1179 4976 1266 5025 terum
1291 4988 1298 5024 :
1324 4967 1420 5025 Omnia
1437 4967 1514 5029 tulin,
1535 4963 1633 5035 inquit,
1654 4976 1714 5032 quoe
1735 4976 1783 5014 nec
1808 4966 1963 5013 sanctarum

447 5051 545 5108 utlibet
559 5053 639 5123 fongo
653 5062 775 5124 tempore
783 5055 863 5113 duret
882 5060 1051 5118 emendanda
1063 5078 1130 5120 eon·
1178 5061 1345 5116 continentur
1359 5057 1558 5128 scripturarum
1574 5050 1787 5113 auctoritatibus,
1801 5065 1847 5104 nec
1863 5047 1963 5116 episco

447 5157 478 5211 u;
492 5153 584 5200 tamen
612 5146 635 5201 si
660 5145 775 5216 justitiae
797 5149 968 5206 satisfactura
993 5153 1056 5217 erit,
1073 5171 1129 5210 non
1178 5166 1271 5221 parum
1285 5149 1403 5204 conciliis
1412 5156 1514 5203 statuto
1528 5145 1703 5214 repedantur,
1718 5155 1765 5195 nec
1777 5137 1963 5194 consuetudine

448 5233 528 5291 abilis
543 5245 665 5307 perstare
679 5237 769 5302 debet,
784 5247 811 5295 et
826 5241 995 5298 inconvulsa.
1009 5241 1130 5315 Populus
1178 5239 1333 5296 uniuersalis
1358 5238 1483 5294 Ecclerior
1506 5236 1629 5291 roborutu
1649 5243 1721 5296 runt,
1736 5229 1877 5287 resecanda
1889 5237 1960 5284 sunt.

447 5319 620 5387 febraeorum,
635 5325 699 5380 licet
711 5329 809 5383 sedens
821 5344 903 5400 super
913 5332 982 5387 ollas
994 5335 1128 5400 carnium,
1179 5327 1244 5385 ltern
1259 5328 1294 5384 de
1306 5327 1401 5384 eodem
1435 5324 1582 5396 Gregorius
1600 5320 1647 5376 vti
1659 5319 1807 5376 wimundo
1822 5320 1963 5375 Auersaoo

447 5414 560 5470 mim
574 5423 663 5473 ΜΘΗ
677 5417 866 5490 AElfllllffifflm
882 5437 975 5494 regum
989 5440 1128 5496 pressura,
1179 5420 1308 5491 episcope
1322 5418 1377 5489 (li)
1393 5435 1400 5473 ι
1414 5414 1444 5472 Sr'
1467 5414 1677 5471 consuetudinem
1693 5412 1816 5482 fortunia
1835 5425 1962 5480 ορροιιαι,

447 5503 584 5562 riaeiiicet
594 5522 677 5577 opere
690 5510 782 5565 lateris
797 5526 828 5566 ac
852 5511 901 5568 lati
923 5514 1130 5585 quadringentis
1180 5507 1365 5565 advertendum
1379 5507 1476 5577 fuerat,
1491 5505 1560 5577 quod
1569 5505 1698 5560 Dominus
1711 5504 1820 5559 dicier«
1838 5501 1894 5574 qu
1903 5517 1962 5556 rum

447 5597 566 5654 'mim
581 5599 705 5669 “mailli
726 5618 807 5673 quem
834 5603 942 5659 tandem
972 5604 1043 5662 bens
1063 5607 1131 5663 risi·
1180 5602 1274 5656 seritur
1289 5597 1381 5670 (fron.
1396 5594 1636 5665 xrxl.nNonnit.·
1652 5594 1779 5665 Epouunr
1793 5591 1961 5652 consuetudo,

447 5692 468 5740 rt
486 5685 514 5741 in
539 5687 686 5744 solitudine
707 5691 819 5761 quietis,
842 5694 999 5752 coelestibus
1025 5696 1131 5754 deliciis
1179 5692 1396 5749 cederentur.»
1413 5688 1540 5745 Codicum
1562 5688 1643 5750 libro,
1663 5686 1738 5740 titul.
1755 5699 1774 5738 ιι
1791 5699 1799 5735 t
1815 5682 1963 5738 Consuetu-

447 5778 581 5850 mirrgiter
594 5794 687 5852 posset
699 5798 822 5853 pascere,
834 5787 970 5856 quomodo
980 5795 1008 5843 et
1021 5786 1131 5860 quando
1180 5783 1253 5837 dines
1264 5796 1377 5852 musque
1388 5777 1496 5848 lonqrcer'
1504 5777 1622 5833 rrenuilie
1631 5778 1785 5830 auctoritas.
1803 5773 1897 5827 Verum
1910 5788 1962 5825 non

466 5872 600 5930 liberarit.
617 5874 664 5931 Sic
681 5877 709 5932 iu
723 5880 864 5956 metropoli
879 5880 1066 5939 chaldeorum
1081 5896 1129 5938 ca·
1179 5873 1342 5945 usqueadeo
1358 5873 1473 5927 solitura
1498 5879 1635 5934 orernento,
1650 5878 1679 5923 ut
1692 5877 1739 5923 aut
1760 5868 1888 5923 rationem
1906 5867 1963 5921 rin-

456 6067 488 6127 C.
503 6069 548 6131 G..
560 6074 754 6137 orermclrornor.
1179 6070 1325 6139 winifridu
1348 6070 1511 6142 Autonoep.
1527 6064 1592 6126 tid.
1614 6067 1690 6124 flecr.
1705 6064 1781 6122 Grai.
1806 6062 1874 6120 bist.
1898 6075 1962 6126 urar,

466 6141 499 6198 C.
515 6141 589 6210 Alei,
603 6144 746 6201 ll'inrundo
769 6146 875 6203 Ausone
890 6164 935 6220 ep.
959 6147 1025 6206 cod.
1050 6146 1126 6204 Genu.
1181 6158 1239 6215 rap.
1257 6143 1284 6197 5.
