5125 7059
466 701 521 756 Μ
1094 688 1256 746 ttttttatss.
1275 719 1311 731 -
1329 688 1393 743 Llll.
1416 689 1448 745 lr'.
2019 705 2072 761 m

466 830 518 884 pro
532 813 651 881 pcccatis
668 811 768 867 nostris
778 812 816 875 ”2
830 811 894 866 tiam
914 823 979 879 ergo
1002 823 1055 862 non
1069 807 1241 874 discrepant,
1258 807 1280 863 Α
1294 802 1477 869 celebrantur,
1493 804 1578 872 prirna
1592 805 1624 859 dc
1636 805 1720 862 ilatre
1735 826 1741 861 :
1763 808 1868 864 l'rdtum
1882 821 1955 865 tumn
1968 815 1991 847 ι·
2000 833 2008 880 ;
2020 818 2073 873 alta

467 908 515 960 sed
530 907 688 976 mysterium
714 903 907 958 iucarnationis
931 901 1105 955 concorditer
1132 905 1245 952 narrant
1296 895 1329 949 de
1340 894 1408 950 Filio
1423 915 1429 949 :
1445 896 1516 948 Puer
1529 908 1608 950 natus
1626 910 1663 952 ert
1679 901 1754 954 trudis
1776 900 1817 966 ⁰';
1833 905 1905 971 quod
1919 904 1943 959 si
1957 907 2019 974 quis
2031 909 2074 964 al·

467 998 534 1051 illud
558 997 754 1065 prophetando,
770 996 841 1049 istud
857 993 1034 1056 asservando,
1047 992 1073 1045 in
1086 991 1246 1058 propitiato·
1296 994 1381 1040 teram
1406 988 1522 1062 voluerit
1541 990 1676 1056 otnittcrc,
1698 1008 1752 1046 uon
1770 994 1878 1047 ontittat
1902 996 1987 1060 iilam,
2013 1014 2074 1066 qure
2118 1037 2119 1040 η

466 1105 539 1141 rtnm
552 1091 657 1142 vultum
668 1103 724 1141 sure
739 1085 896 1140 intentionis
906 1085 1036 1153 dirigunt,
1049 1092 1076 1136 et
1086 1098 1115 1137 se
1127 1082 1245 1134 vicissim
1297 1088 1399 1145 spectat
1414 1079 1447 1132 ad
1461 1080 1603 1147 virginem,
1622 1090 1650 1133 nt
1662 1084 1732 1137 dicat
1746 1086 1895 1139 orationem
1912 1104 1918 1138 ε
1935 1085 2014 1154 llere,
2029 1090 2074 1158 qni

466 1183 634 1247 respiciunt,
651 1175 702 1232 lioc
717 1193 826 1246 quoqne
844 1179 956 1232 verbum
973 1186 1014 1230 est
1035 1174 1099 1228 illud
1128 1173 1246 1227 salutare
1296 1169 1392 1223 anltttie
1407 1180 1519 1234 eterno,
1543 1189 1605 1240 qum
1627 1175 1739 1228 dicenda
1758 1186 1798 1230 est
1823 1193 1838 1231 a
1860 1178 2075 1234 circumcisione

465 1273 501 1325 de
520 1286 578 1340 quo
591 1271 714 1338 protinus
726 1272 834 1325 canitur
848 1270 876 1323 in
892 1264 1179 1337 gradualizlitieruttt
1194 1264 1226 1317 ⁸³.
1297 1276 1384 1330 usqne
1413 1261 1446 1314 ad
1473 1261 1660 1330 Epiphaniam,
1691 1274 1717 1317 ct
1739 1268 1774 1319 ab
1798 1268 1898 1322 llctava
1917 1269 2075 1338 lipiplrauim

502 1361 567 1416 llaec
583 1372 624 1417 est
650 1363 695 1415 lua
715 1376 831 1428 magna,
852 1374 913 1428 quie
938 1357 1077 1412 desocndit
1090 1356 1117 1408 itt
1134 1354 1247 1423 virginis
1297 1368 1384 1421 usque
1402 1353 1435 1407 ad
1453 1353 1685 1409 Purilirutionctn.
1711 1354 1737 1407 ln
1761 1358 1810 1411 bac
1831 1376 1895 1413 vero
1910 1361 1954 1414 dic
1979 1363 2074 1429 triplex

467 1463 604 1510 uterum:
628 1452 721 1520 «Qua
746 1455 880 1507 illuminat
905 1466 1013 1505 omnem
1037 1450 1174 1503 bominem
1202 1462 1247 1502 ve-
1297 1445 1455 1500 solemnitas
1476 1449 1626 1511 intimatur,
1642 1447 1745 1502 scilicet
1764 1451 1909 1517 Ogdoadis,
1932 1455 2076 1509 circumci-

467 1547 589 1600 „iffloem
616 1547 643 1601 in
663 1546 735 1600 hunc
764 1546 894 1600 mundum
911 1547 972 1598 n„
996 1542 1028 1597 Ει
1050 1541 1245 1610 appendeqmd
1297 1538 1382 1591 sionis
1397 1547 1423 1591 ει
1445 1540 1564 1593 nominis
1587 1541 1779 1609 iutpositiouitv,
1798 1544 1866 1598 utin
1881 1545 2077 1615 Etvttrgrliole·

467 1652 585 1701 ueumre,
599 1652 660 1706 quae
675 1639 851 1691 modulantur
865 1637 892 1689 in
905 1635 987 1704 liqrie
1005 1634 1121 1696 eleison,
1144 1632 1185 1684 vel
1206 1630 1247 1684 rd-
1297 1628 1390 1697 gitur:
1407 1629 1551 1697 Postquam
1565 1635 1739 1687 rousururrmti
1753 1644 1813 1686 sum
1823 1636 1879 1712 dies
1890 1648 1948 1690 octo
1963 1638 1985 1669 ‘⁸
1999 1658 2005 1692 :
2020 1655 2078 1694 vcr-

465 1727 570 1792 leireia;
593 1730 683 1796 potius
704 1744 753 1797 per
771 1727 802 1794 E,
814 1728 855 1781 vel
871 1743 918 1795 per
933 1727 955 1780 t
968 1726 1138 1795 jubilantur,
1155 1734 1185 1777 ut
1200 1739 1248 1791 per
1298 1719 1393 1772 borum
1409 1720 1492 1773 triuut
1506 1719 1533 1771 lit
1549 1724 1780 1776 conuncntorntio.
1801 1724 1892 1779 Prima
1918 1727 2077 1785 solemnitas

467 1819 518 1876 bas
557 1823 666 1875 coculos
699 1821 884 1889 significemus
923 1819 1065 1886 spirituale
1095 1816 1246 1885 gaudium,
1297 1809 1416 1877 Ogdoadi
1433 1810 1598 1878 assignatur,
1613 1810 1694 1864 idest
1712 1817 1890 1878 octatuudiei,
1906 1826 1933 1871 ct
1953 1822 2016 1886 quia
2031 1837 2076 1876 sc·

467 1907 540 1973 quod
567 1909 646 1962 nobis
667 1908 693 1961 in
717 1919 794 1976 partu
818 1906 938 1976 Virginis
952 1917 993 1961 εει
1007 1907 1184 1972 restiturum,
1203 1905 1247 1959 cui
1297 1913 1410 1972 qnentcs
1423 1903 1481 1956 dics
1494 1914 1650 1957 octavarum
1673 1907 1827 1961 nominibus
1841 1909 2021 1978 decorantur,
2037 1912 2078 1968 ld-

467 1999 538 2054 lacta
550 2009 592 2054 est
605 2001 717 2055 utumtio
727 2002 786 2068 ejus
797 2000 914 2054 nominis
927 1999 993 2062 Eva,
1006 1997 1113 2051 dicente
1124 1998 1227 2065 Angclo
1239 2014 1245 2049 :
1298 1998 1370 2050 circo
1382 1995 1416 2050 de
1428 1996 1530 2049 octavis
1541 1995 1682 2049 iecrrtrdior
1696 2013 1785 2051 scruto
1798 1999 1934 2056 decurrat.
1946 2002 2076 2059 Octavum

470 2108 480 2140 r
496 2089 554 2145 Ave
571 2089 654 2145 llaria
669 2091 709 2156 ‘⁰3
728 2109 738 2142 ι
756 2092 812 2145 Ave
826 2091 935 2161 quidem
952 2105 1003 2142 vot
1016 2099 1058 2142 cst
1071 2088 1173 2157 gaudii,
1192 2086 1246 2140 Eva
1298 2088 1368 2142 diem
1381 2086 1570 2140 celebrandum
1584 2084 1719 2142 ledricus
1732 2088 1800 2141 libct·
1817 2090 1948 2155 insinuat,
1961 2093 2076 2150 dicens:

467 2182 571 2247 luctus,
589 2198 670 2251 quent
686 2195 829 2237 nascentes
846 2184 1000 2250 exprimunt
1014 2183 1147 2250 lugentes,
1162 2179 1194 2241 E,
1207 2181 1247 2234 vel
1265 2156 1284 2210 B
1301 2196 1310 2227 r
1336 2177 1398 2232 llics
1419 2185 1532 2231 octavus
1554 2177 1604 2229 crit
1619 2178 1811 2234 celcbcvriutus
1830 2191 1911 2248 atquc
1934 2183 2078 2238 ειιιιτιίεεὶμ

467 2274 501 2331 Δ.
520 2276 571 2331 liic
585 2278 706 2337 demunt,
722 2287 764 2331 cst
783 2278 859 2331 divos
872 2278 918 2330 illc
931 2285 957 2330 ct
974 2288 1071 2344 puteus
1088 2277 1135 2344 qui
1150 2276 1249 2330 dicitur
1298 2285 1359 2324 mus
1376 2269 1409 2322 ”.
1427 2287 1437 2320 ι
1463 2268 1640 2324 celebrantur
1665 2281 1753 2325 autent
1782 2283 1885 2328 octavae
1911 2275 2027 2330 rlivctsis
2051 2284 2080 2330 ct

468 2365 495 2421 in
508 2368 647 2424 offerenda
665 2386 671 2423 :
689 2367 738 2422 Tm·
753 2379 813 2423 ιιιηι
833 2370 901 2429 cali,
915 2379 940 2422 er
956 2380 1001 2423 tua
1012 2379 1050 2423 m
1062 2379 1143 2436 zerra,
1160 2381 1186 2423 ru
1198 2370 1249 2422 tm.
1299 2360 1461 2429 specialibus
1476 2361 1577 2424 causis,
1593 2362 1667 2414 verbi
1691 2363 1787 2432 qratia,
1806 2365 1958 2420 cclclnatnr·
1978 2365 2078 2422 Octava

468 2461 583 2516 miliani
595 2463 733 2528 anundum
747 2462 780 2526 ⁸¹,
795 2463 842 2517 scd
856 2462 979 2530 uunquid
994 2463 1074 2518 bodie
1085 2462 1247 2528 bumiliavit,
1299 2452 1453 2507 Natiuitatis
1467 2454 1503 2507 ob
1518 2455 1683 2508 reddendum
1704 2470 1815 2511 causant
1841 2459 1935 2526 primu
1962 2460 2014 2513 dici
2028 2477 2035 2525 ;
2051 2461 2077 2515 in

468 2553 580 2620 quando
595 2551 701 2606 Patrem
725 2562 754 2607 ot
774 2562 889 2606 matrem
913 2567 1011 2607 rorare
1034 2553 1173 2608 nescirit!
1195 2551 1249 2606 lte·
1299 2546 1342 2600 die
1364 2545 1515 2601 Natiuitatis
1533 2548 1668 2602 coluimus
1686 2547 1786 2602 Cltristi
1805 2551 1949 2604 adveniunt
1966 2552 1998 2605 ad
2018 2568 2078 2617 nos,

468 2646 606 2712 spondeo:
619 2645 966 2714 ltumffiavtrpefmufflm,
978 2647 1054 2715 jum
1069 2647 1133 2700 mup
1148 2664 1155 2700 :
1171 2664 1180 2696 ι
1196 2645 1249 2699 Ac.
1300 2637 1326 2692 iu
1349 2636 1456 2693 Octavis
1482 2639 1596 2692 colimus
1618 2639 1759 2692 botninunt
1776 2641 1921 2694 advcuttttn
1943 2642 1976 2695 ad
1996 2641 2079 2696 Clivi-

467 2733 569 2798 celera,
585 2735 671 2803 spolia
685 2736 808 2802 detrabe,
822 2735 919 2790 destina
931 2735 1045 2805 praeduri
1059 2736 1092 2793 ι’.
1108 2756 1118 2789 ι
1135 2734 1164 2790 ln
1176 2751 1251 2790 com-
1300 2739 1388 2795 stutn;
1409 2730 1467 2800 ipse
1484 2739 1574 2783 uutcni
1589 2731 1662 2783 venit
1672 2730 1705 2784 ad
1718 2744 1779 2795 uos,
1798 2740 1827 2784 ut
1843 2732 1945 2785 ircnrus
1959 2733 1992 2785 ad
2003 2748 2078 2796 ctutt,

469 2826 602 2881 munione
623 2828 657 2882 de
677 2828 791 2893 eodem,
806 2830 853 2898 qui
870 2838 913 2884 est
926 2830 1044 2885 salutar-0
1067 2829 1249 2894 concluditur,
1299 2830 1326 2876 et
1345 2822 1397 2876 boc
1415 2837 1449 2876 ex
1463 2822 1621 2891 antiphonis
1634 2822 1777 2877 ntanileste
1788 2824 1966 2891 dignoscitur.
1983 2822 2022 2878 lbi
2038 2825 2080 2878 di·

471 2915 553 2984 quod,
571 2915 695 2972 l'iderrtttt
710 2935 799 2973 omnes
811 2920 876 2988 finer
890 2929 967 2974 terrre
977 2919 1011 2985 ⁸¹,
1026 2921 1097 2991 quod
1111 2919 1175 2990 quia
1189 2921 1252 2975 bea·
1300 2914 1372 2970 citur
1387 2930 1393 2966 τ
1410 2911 1505 2967 Gemuit
1528 2929 1655 2983 puerpera
1681 2931 1776 2984 reqem.
1803 2913 1852 2970 llic
1872 2914 1911 2969 O!
1922 2914 2080 2968 admirabile

469 3016 515 3063 tus
534 3005 722 3071 perrorantis,
741 3018 769 3062 ot
790 3008 934 3065 consessus
947 3020 1058 3080 estprae
1070 3013 1187 3076 egeretis,
1206 3028 1251 3066 re.
1300 3005 1499 3059 comarereium!
1524 3007 1634 3060 nomine
1655 3006 1812 3061 commercii
1839 3008 1919 3061 datur
1943 3006 2079 3076 intelligi,

470 3100 580 3156 velante
594 3100 646 3155 sibi
663 3099 753 3165 Patre,
771 3101 874 3169 quiest
889 3101 916 3154 in
931 3102 1008 3156 coelis
1021 3101 1064 3168 “;
1088 3102 1151 3157 idco
1170 3104 1252 3158 statio
1301 3100 1373 3154 aliud
1390 3100 1449 3153 dari
1471 3106 1498 3154 et
1521 3099 1594 3154 aliud
1620 3100 1718 3169 accipi.
1745 3099 1823 3154 [ledit
1849 3100 1928 3154 nubis
1953 3100 2081 3155 Christus

472 3205 513 3249 est
529 3194 565 3249 ati
583 3194 712 3248 Sanctum
727 3193 847 3248 Petrum.
862 3192 927 3248 lllud
944 3210 998 3248 non
1011 3204 1053 3250 est
1066 3183 1173 3251 silentio
1185 3212 1253 3264 prae·
1302 3211 1379 3249 suam
1390 3193 1560 3248 divinitatem
1576 3202 1603 3248 et
1617 3193 1722 3262 accepit
1737 3202 1858 3267 nostram
1872 3193 2080 3260 immanitatem

472 3281 645 3348 tereundutu,
665 3283 737 3353 quod
752 3283 787 3339 ab
805 3284 886 3340 bodie
900 3284 934 3338 ad
959 3293 1081 3340 octavam
1098 3285 1254 3357 Epipltaniae
1301 3287 1372 3355 quod
1388 3286 1471 3351 dedit,
1487 3285 1623 3340 colitrtrin
1640 3285 1801 3350 nativitate;
1820 3284 1891 3354 qnod
1906 3285 2018 3354 accepi,
2031 3300 2081 3339 co·
2170 3285 2173 3292 '

470 3385 581 3441 εειιιιιει
602 3373 636 3427 ad
658 3372 784 3441 primam,
799 3375 923 3440 tertiam,
939 3385 1044 3431 sestam
1057 3385 1194 3432 etnovam
1208 3377 1251 3431 di·
1302 3379 1366 3433 litur
1383 3379 1410 3432 in
1430 3386 1524 3432 octava
1545 3377 1598 3432 die.
1616 3376 1734 3433 llembra
1751 3377 1845 3446 juncta
1869 3379 1950 3446 capiti
1967 3393 2082 3449 cengre-

471 3465 562 3518 cimus
582 3467 772 3533 responsoria,
789 3475 922 3521 eteorum
937 3483 1034 3523 versus
1047 3484 1108 3523 cuin
1128 3470 1251 3537 Alleluia,
1265 3494 1286 3550 (3
1303 3472 1425 3526 tulantur
1436 3471 1463 3524 in
1478 3469 1623 3525 festivitate
1636 3469 1773 3538 prasenti,
1787 3470 1827 3524 sic
1843 3479 1870 3524 et
1890 3470 1916 3523 in
1933 3469 1995 3525 aliis
2010 3470 2082 3525 anti·

472 3556 505 3611 ad
521 3558 772 3626 repraesentandum
787 3572 923 3612 summam
939 3558 1048 3624 laetitiae,
1063 3574 1124 3629 quae
1145 3562 1255 3616 advenit
1303 3561 1403 3632 pbonis
1414 3579 1420 3615 :
1433 3560 1459 3615 in
1475 3561 1530 3616 illis
1541 3561 1630 3631 agitur
1642 3557 1873 3625 deNativitate‚in
1884 3561 2081 3617 istisdemem-

474 3633 598 3718 empore
619 3649 722 3718 gratiae.
743 3650 867 3718 l'esperae
888 3666 998 3721 quoque
1020 3650 1122 3706 Natalis
1147 3652 1253 3708 bomini
1304 3658 1414 3713 brorum
1428 3656 1610 3725 copulatione,
1624 3653 1769 3724 quaefacta
1783 3667 1825 3709 est
1838 3655 2080 3724 perliativitatem.

473 3741 591 3810 siugulis
603 3741 701 3796 diebus
715 3743 791 3812 prius
807 3751 870 3798 totae
891 3751 1046 3798 cantentur.
1068 3741 1167 3800 Postea
1194 3744 1254 3799 lirr-
1303 3749 1455 3818 Antipboua
1474 3749 1519 3802 illa
1537 3747 1683 3802 :Mirabile
1703 3749 1855 3817 mysterium
1879 3748 2010 3813 dominis,
2035 3749 2082 3804 de·

472 3831 583 3899 purificat
594 3846 656 3885 cunt
668 3831 833 3901 Antiphone,
845 3842 871 3885 ct
882 3834 995 3889 collecta
1005 3833 1038 3888 de
1048 3835 1174 3904 sequenti
1185 3835 1254 3891 lusto
1304 3842 1390 3895 clarat
1402 3840 1692 3911 assumptiotrem,cum
1705 3840 1819 3896 dicitur:
1830 3841 1998 3895 intimantur.
2012 3839 2082 3898 Ecce

473 3920 545 3975 beati
574 3918 721 3992 Stephani,
745 3932 773 3978 et
788 3924 905 3979 alioruin
919 3926 1037 3981 dicatur.
1059 3925 1175 3993 Quidam
1191 3943 1255 3982 vero
1305 3948 1374 3988 nova
1388 3933 1552 4002 permutatio
1564 3942 1723 3987 naturarum
1736 3932 1800 4001 quia
1817 3931 1889 3987 Deus
1909 3934 1937 3987 lit
1951 3933 2044 3996 bomo,
2054 3940 2083 3986 ct
2138 4007 2142 4012 ι

473 4013 727 4069 dicuntsecundatu
741 4017 1111 4087 vesperamtotam,quidam
1122 4019 1255 4075 duntaxat
1305 4023 1388 4078 bomo
1402 4021 1495 4088 Deus;
1513 4023 1554 4077 sic
1569 4030 1671 4086 tanton,
1695 4029 1724 4075 ut
1746 4023 1820 4092 quod
1846 4021 1898 4076 luit
1921 4023 2081 4091 permansit,

473 4106 653 4175 antiphonam
666 4120 693 4161 et
704 4109 855 4174 collectam,
870 4120 897 4164 et
908 4121 949 4165 εει
959 4111 1129 4180 privilegium
1141 4113 1255 4168 istarum
1304 4124 1332 4171 ct
1345 4115 1417 4184 quod
1432 4129 1486 4169 non
1509 4121 1569 4169 erat
1590 4115 1749 4182 assumpsit,
1773 4127 1826 4167 non
1853 4127 1952 4182 passus
1970 4113 2083 4167 commi·

474 4210 650 4265 vesperarum
662 4213 670 4262 ;
681 4198 743 4267 quia
758 4213 821 4253 cum
833 4209 929 4254 cetera
942 4201 1029 4256 ollii-ia
1051 4217 1100 4271 pro
1127 4219 1256 4273 superre-
1305 4209 1519 4276 stioncm‚quam
1529 4203 1661 4261 sabellius
1675 4206 1835 4270 identitavit,
1850 4220 1899 4258 nec
1910 4204 2081 4269 divisionem,

474 4287 561 4341 aienti
586 4286 658 4344 iesto
672 4298 820 4355 mutentur,
834 4292 1087 4361 istaevesperaenon
1104 4307 1254 4362 mutantur,
1305 4317 1386 4372 quarn
1403 4300 1484 4354 tirius
1498 4299 1652 4354 oblatravit.
1669 4297 1710 4352 Ob
1724 4299 1839 4352 similem
1861 4312 1971 4352 causam
1987 4306 2081 4351 octava

474 4389 503 4434 et
518 4387 561 4434 est
576 4379 714 4450 singulare
729 4383 756 4436 in
772 4384 843 4448 istis,
861 4398 894 4438 eo
914 4387 979 4453 quia
992 4384 1127 4443 Dominus
1141 4390 1255 4444 venitin
1305 4395 1457 4450 celebratur
1468 4390 1633 4461 Epiphaniae.
1650 4390 1716 4444 dam
1731 4390 1758 4444 in
1771 4388 1920 4459 Epipltauia
1935 4397 2081 4442 cantatur:

475 4473 609 4542 vesperis,
624 4473 650 4527 id
660 4482 702 4527 cst
712 4473 738 4527 in
749 4474 842 4528 ultima
853 4486 931 4531 aetate
941 4478 1035 4532 muudi
1050 4478 1084 4533 ad
1096 4481 1256 4536 salvandum
1306 4486 1382 4551 Quod
1398 4485 1524 4538 Drmiam
1534 4491 1572 4537 ert
1585 4483 1752 4552 baptizatum
1770 4482 1796 4535 itt
1811 4481 1910 4535 Octava
1925 4497 2006 4535 causa
2022 4481 2083 4534 red·

477 4565 575 4619 saltem
590 4564 721 4635 reliquias
734 4566 842 4638 generis
854 4569 977 4624 buntaui.
1306 4577 1380 4631 ditur
1393 4592 1442 4630 eur
1454 4574 1615 4644 baptizatus,
1632 4573 1734 4628 seilicet
1753 4580 1782 4626 ut
1805 4572 1991 4641 baptizentur,
2011 4579 2040 4622 ut
2066 4584 2082 4623 a

772 4661 886 4719 CAPUT
908 4663 961 4718 l'll.
1306 4668 1424 4739 peccatis
1438 4682 1485 4736 per
1498 4676 1621 4720 nostrum
1640 4664 1778 4718 lavacrum
1794 4663 1947 4725 abluamur,
1962 4662 2033 4732 quod
2049 4678 2083 4716 cx

728 4770 763 4808 us
782 4770 885 4809 ocravt
903 4772 1007 4812 noaret.
1308 4762 1374 4832 ipsis
1385 4759 1541 4829 antiplionis
1556 4761 1710 4814 declaratur
1725 4773 1732 4811 a
1755 4755 1869 4810 Veterem
1879 4757 2019 4811 bominem.
2033 4754 2084 4810 llic

512 4845 659 4916 Postquam
675 4848 850 4900 consummati
869 4857 929 4902 sunt
942 4849 999 4902 dies
1011 4857 1080 4915 octo,
1098 4862 1126 4906 ut
1142 4868 1257 4907 circum·
1271 4832 1294 4886 ⁰
1308 4855 1438 4925 quaeritur
1455 4868 1504 4907 cur
1518 4851 1618 4905 Octava
1636 4849 1775 4905 Passionis
1792 4848 1886 4902 codem
1904 4846 2017 4901 rationis
2041 4863 2084 4899 ar·

475 4938 610 4992 rideretur
632 4953 708 5006 pater,
721 4947 842 4991 nocetum
853 4950 892 4993 ett
906 4956 999 4994 nomen
1012 4941 1069 5010 ejtts
1085 4941 1163 5000 leem
1177 4944 1209 5000 ⁸⁸.
1226 4945 1255 5002 lu
1307 4946 1391 5001 ticulo
1415 4959 1469 4998 non
1493 4942 1666 4997 celebreturl
1684 4939 1760 4994 Sicut
1784 4940 1856 4992 enirn
1873 4939 2010 5001 Cltristus,
2035 4939 2083 5006 qtti

474 5030 521 5083 dic
546 5026 676 5081 Natalitio
699 5029 753 5082 duo
779 5027 848 5084 iesta
875 5042 1051 5099 concurrunt,
1074 5035 1205 5104 parientis
1230 5046 1258 5094 et
1306 5048 1348 5095 εει
1362 5036 1401 5092 sol
1413 5035 1525 5105 justitiae
1539 5032 1580 5097 ¹⁰,
1599 5041 1732 5086 natusest
1746 5046 1799 5084 uon
1813 5041 1975 5101 proptcrsc,
1991 5031 2038 5084 sed
2055 5038 2084 5083 ut

475 5131 585 5192 partus,
597 5119 677 5174 idest
690 5120 785 5175 matris
803 5129 830 5175 et
854 5121 916 5188 dlii;
931 5126 978 5180 sed
1000 5137 1110 5196 propter
1126 5129 1174 5184 dlii
1186 5130 1258 5187 cele-
1308 5132 1354 5186 lux
1376 5127 1475 5184 nostris
1489 5125 1635 5188 mentibus,
1646 5124 1694 5193 qui
1705 5137 1815 5178 eramus
1829 5123 1855 5176 in
1872 5122 1989 5176 tenebris
2002 5136 2085 5190 appa·

476 5215 617 5274 britatem,
631 5209 665 5265 de
679 5219 764 5266 matre
785 5211 862 5282 plene
879 5216 1058 5274 solemnizare
1072 5222 1255 5291 nequivimus.
1308 5230 1380 5275 reret
1397 5221 1440 5284 ¹¹,
1455 5219 1526 5272 sicut
1536 5218 1616 5270 etiam
1631 5216 1782 5283 baptizatus
1796 5224 1838 5267 est
1852 5228 1904 5266 non
1919 5221 2028 5281 proptor
2042 5227 2083 5273 sc,

475 5305 568 5376 ipsius
578 5322 643 5377 ergo
655 5309 786 5363 solemnia
799 5310 996 5366 reservavimus
1008 5311 1041 5365 ad
1055 5321 1189 5380 octamm,
1205 5317 1256 5372 hoc
1309 5312 1356 5369 sed
1370 5323 1399 5364 ut
1409 5317 1500 5364 nostra
1513 5316 1619 5378 peccata
1632 5306 1774 5371 lavarct'';
1788 5307 1828 5359 sic
1840 5314 1964 5358 mortuus
1978 5312 2084 5358 estnon

476 5398 663 5467 significantes
677 5401 749 5470 quod
766 5401 789 5456 si
803 5400 914 5457 Christo
934 5403 962 5456 in
979 5405 1030 5459 bac
1051 5405 1106 5459 vita
1132 5409 1258 5463 servieri·
1307 5416 1417 5481 propter
1429 5420 1469 5470 se,
1484 5401 1530 5458 sed
1546 5409 1575 5454 ut
1587 5413 1636 5452 nos
1648 5404 1943 5464 moreremurpcccato,
1956 5410 2002 5462 per
2012 5393 2085 5461 quod

477 5505 552 5557 mus,
570 5490 604 5545 tie
624 5488 750 5547 Ecclesia
767 5493 973 5562 glorificatione,
992 5511 1073 5566 quant
1089 5496 1173 5551 llaria
1188 5499 1258 5568 ltqu-
1308 5519 1359 5559 nos
1378 5518 1394 5556 a
1409 5509 1495 5555 morte
1509 5497 1637 5551 liberaret
1650 5493 1684 5547 ”.
1704 5492 1866 5560 llesportden
1885 5508 1892 5544 ε
1909 5489 1973 5558 quia
1990 5502 2085 5555 supet·-

477 5592 531 5648 rat,
554 5582 583 5637 iu
600 5592 715 5651 octava,
738 5586 764 5639 id
778 5595 820 5641 est
832 5588 859 5641 iu
880 5586 970 5642 lutura
986 5590 1040 5643 rita
1069 5591 1258 5659 gaudebimus,
1308 5595 1421 5649 veniens
1443 5591 1541 5647 lestum
1558 5586 1657 5641 letitie
1672 5584 1836 5645 obumbrat,
1855 5590 1882 5635 et
1906 5579 1996 5632 abolet
2011 5593 2087 5632 com·

479 5676 595 5747 ideoque
619 5690 783 5735 nocturnum
807 5681 937 5744 officium,
952 5696 984 5736 ea
1003 5698 1099 5753 magua
1125 5694 1201 5753 parte
1224 5686 1258 5740 ad
1308 5685 1533 5742 memorationem
1546 5679 1672 5742 tristitiae,
1687 5686 1871 5732 verumtamen
1884 5673 1945 5726 licet
1958 5671 2086 5723 red-latur

479 5769 612 5839 virginem
631 5772 747 5841 pertint-t
761 5773 1041 5843 parientem;idcirco
1055 5785 1081 5830 et
1095 5777 1155 5831 duae
1168 5778 1258 5831 misse
1309 5781 1389 5844 ratio,
1406 5793 1455 5833 cur
1478 5789 1530 5829 non
1558 5773 1634 5838 daut,
1649 5787 1704 5825 non
1727 5780 1815 5825 tanton
1838 5779 2034 5840 usquequaque
2058 5762 2085 5815 in

514 5953 694 6009 ”lloamz
738 5909 907 6009 evraldi.
952 5952 1098 6009 ”lcanl
1139 5952 1239 6008 ”an
1261 5953 1286 6009 l.
1324 5949 1488 6008 “malsc
1527 5952 1549 5984 ‘¹
1566 5950 1618 6008 lsa.
1634 5950 1660 6004 8.
1699 5947 1865 6004 ”malet
1903 5939 2085 6027 “blattinlli

486 6022 647 6150 wellin&
670 6023 842 6078 “Psallb
880 6025 901 6055 ‘¹
921 6021 973 6080 lsa.
988 6024 1014 6079 9.
1052 6024 1188 6079 ⁸'bucb
1226 6025 1404 6081 ”beticii
1441 6021 1588 6078 ”itote
1625 6019 1884 6088 ΗΙε.ἰ.9;[,ιιε,ι.
1921 6015 2087 6070 ”tiorum
