5125 7059
351 711 404 765 809
846 711 889 765 nt
910 711 1070 768 ntt'llltsts
1087 711 1273 768 ottntxtsst‘s
1290 713 1479 773 Ettcttlstm.
1923 718 1975 774 dib

349 825 476 879 nieorum
497 830 690 894 conqueratur,
716 825 788 894 quod
816 827 863 896 qui
891 829 970 884 initia
996 832 1139 901 primitivae
1155 837 1175 891 Α
1190 831 1261 884 intra
1277 844 1371 885 rrrruus
1392 833 1538 888 coris-enirc
1560 843 1678 905 cogeret.
1697 834 1773 890 bride
1788 843 1893 891 constat
1920 840 1979 907 pri·

350 916 480 971 Ecclesiae
509 918 587 987 primi
606 918 639 970 ad
665 934 734 988 opus
755 917 802 972 Dei
823 929 850 974 ct
871 921 1057 974 testimonium
1074 920 1139 976 iesu
1190 938 1261 975 mam
1275 923 1348 976 illurn
1364 932 1488 988 atatem,
1506 925 1570 981 licet
1595 941 1680 996 parre
1706 935 1846 998 tempere,
1862 931 1977 985 multum

349 1024 413 1065 csse
427 1018 603 1072 meruerunt,
620 1010 699 1080 primi
714 1019 778 1065 ante
793 1013 961 1077 mouaelms,
977 1014 1024 1084 qui
1046 1024 1140 1085 postea
1190 1015 1576 1090 innocentcrvirisse,quibus
1587 1033 1636 1074 nec
1646 1020 1868 1076 aedificandarum
1884 1022 1979 1078 ‹inuru-

348 1114 412 1154 esse
432 1106 593 1168 eoeperuut,
612 1100 691 1168 positi
716 1116 770 1154 non
795 1101 861 1155 sint.
883 1100 945 1157 ideo
966 1119 1031 1174 ergo
1050 1104 1085 1157 ita
1106 1103 1140 1158 de
1190 1127 1251 1165 rum
1267 1114 1356 1168 aditure
1382 1130 1449 1170 cura
1469 1124 1539 1180 erat,
1564 1129 1615 1168 nec
1643 1114 1696 1169 cibi
1719 1125 1855 1185 potusque
1876 1126 1977 1184 quauta

349 1191 494 1244 &dinibus
517 1197 544 1244 ⁰¹
563 1190 781 1260 ltf⁰s⁰S⁵i⁰¹²iit¹¹S
801 1201 919 1248 ffatim
942 1194 1084 1265 disposui.
1110 1204 1140 1249 ut
1190 1220 1263 1258 nunc
1278 1216 1321 1259 est
1335 1206 1495 1278 diligentia,
1515 1222 1565 1262 nee
1581 1206 1697 1262 restium
1711 1208 1837 1271 sortitas,
1853 1219 1904 1261 nec
1917 1206 1978 1260 auri

349 1281 1046 1353 terentianumportitoressonueraqqqaqqqfflq
1063 1287 1142 1340 babi-
1190 1295 1350 1365 argentique
1366 1305 1442 1351 torna
1471 1297 1629 1366 acquirendi
1657 1297 1780 1351 solertia.
1803 1294 1978 1350 Graminibus

350 1378 433 1430 tant,
461 1372 541 1439 primi
566 1384 755 1442 ponerentur,
784 1372 856 1428 sieut
880 1389 941 1428 eum
965 1391 1140 1435 nurnmaruns
1190 1388 1262 1440 enim
1290 1391 1318 1440 et
1342 1403 1412 1456 aqua
1432 1388 1550 1458 simplici
1573 1397 1599 1443 ct
1615 1388 1745 1443 arborum
1762 1387 1917 1449 fructibus,
1938 1388 1977 1439 uti

352 1462 442 1517 lairere
454 1464 591 1527 salernus,
607 1471 636 1518 ut
654 1466 688 1518 ab
710 1481 764 1521 troo
780 1465 814 1519 ad
830 1467 922 1535 piures
934 1483 1065 1523 nanterus
1079 1485 1141 1525 sur·
1191 1475 1405 1542 benedixerat,
1421 1480 1580 1535 uteimntnr.
1596 1478 1672 1534 [inde
1684 1478 1797 1551 quidam
1813 1478 1978 1534 facundissi-

350 1563 414 1624 gat,
430 1563 457 1608 et
476 1557 656 1626 irruitiplieato
675 1573 807 1623 rrrrrnem,
823 1566 996 1629 computatur
1007 1559 1041 1614 ad
1056 1576 1140 1617 unrtm
1191 1585 1252 1625 ιιιιιι
1272 1578 1366 1627 noster
1383 1571 1563 1642 piriiosopirns
1583 1571 1691 1627 faudem
1717 1573 1868 1642 primorum
1888 1571 1977 1628 honri.
2054 1614 2055 1617 ,

351 1647 456 1702 redeat.
470 1646 550 1702 Verbi
559 1648 646 1718 gratia
663 1664 724 1702 eum
736 1648 770 1702 ad
786 1658 894 1704 centum
911 1653 1025 1717 venerit,
1038 1654 1061 1709 si
1076 1655 1140 1724 quid

353 1748 479 1794 rrrrrneret
493 1740 581 1793 ariiruc
598 1741 743 1803 inrcnerit.
756 1755 866 1796 rursum
881 1743 916 1797 ab
928 1759 984 1798 uno
997 1761 1141 1802 nutrieram

351 1831 458 1900 incipit.
468 1830 504 1884 ita
518 1840 545 1885 et
559 1831 603 1885 irie
616 1833 758 1898 t'ncieurns,
768 1833 887 1903 primum
900 1835 1030 1892 eremitas
1040 1853 1129 1908 perrea

351 1932 404 1985 tes,
429 1924 475 1992 qni
501 1924 645 1994 pauciores
671 1931 755 1989 sinu,
782 1932 810 1979 et
826 1926 877 1980 soli
905 1941 977 1998 saepe
998 1929 1140 1994 babitantff

351 2013 452 2068 deinde
466 2015 740 2082 nronaebosquurum
757 2016 983 2086 multipliciorest
998 2034 1139 2086 numerus,

352 2106 448 2174 sieque
460 2106 494 2158 ad
505 2105 654 2159 canonicos
668 2106 826 2171 venienus,
846 2123 962 2177 quorum
980 2113 1097 2163 rrraxima
1112 2111 1139 2165 in

350 2196 470 2251 dirersis
482 2196 584 2248 iociset
597 2195 725 2264 frequens
735 2196 982 2251 inabitatiudirerse
992 2197 1139 2255 virentium
1157 2178 1176 2233 ¹¹

351 2302 415 2343 esse
432 2287 637 2357 ceruprobatnr.
660 2286 763 2342 iteinde
786 2304 896 2343 rursum
921 2290 1082 2360 incipientes
1106 2295 1142 2347 atr

352 2379 484 2440 inclusis.
504 2390 531 2433 et
545 2381 579 2433 ab
604 2379 646 2434 iris
660 2379 708 2449 qui
722 2380 897 2434 continenter
909 2381 1020 2446 riuuut,
1040 2392 1067 2438 et
1091 2401 1141 2439 nec

351 2471 498 2533 canonici,
514 2487 565 2526 uec
579 2471 726 2533 nrorractri,
750 2486 800 2526 nee
811 2473 945 2535 cremitae,
960 2490 1011 2529 nec
1029 2475 1140 2540 inclusi,

352 2564 401 2620 sed
415 2565 538 2626 deicolae,
554 2565 595 2618 rei
619 2563 717 2627 licoisi,
742 2564 769 2618 id
783 2571 825 2621 est
837 2567 917 2636 quasi
932 2567 999 2637 legis
1010 2569 1141 2624 custodes

352 2667 468 2727 pessunt
481 2656 553 2719 dici,
571 2656 669 2710 ibidem
684 2665 853 2711 revertemur
867 2658 901 2712 ad
922 2660 1067 2722 mulieres.
1081 2676 1141 2731 quae

352 2748 521 2804 eremiticam
540 2749 623 2802 ritam
642 2748 765 2813 ducunt,
778 2749 959 2806 ascendentes
983 2752 1017 2806 ad
1038 2754 1140 2809 sancti-

352 2839 513 2896 monialium
530 2841 723 2904 sanctitatem,
746 2854 853 2895 necnon
876 2840 910 2895 ad
927 2842 988 2898 illas
1003 2859 1064 2913 qnae
1078 2858 1140 2899 cum

353 2933 458 2989 sanctis
480 2931 521 2987 rei
538 2933 589 2988 sub
613 2932 720 2987 sanctis
740 2933 808 2987 viris
820 2932 914 3003 jugum
934 2934 1037 2991 Christi
1058 2951 1142 2992 suave

353 3026 520 3096 suseipiunt.
536 3024 576 3079 dd
600 3026 725 3079 ultimum
746 3040 812 3080 reru
833 3041 902 3096 pene
925 3025 958 3080 ad
975 3028 1095 3084 inclusas
1114 3036 1142 3084 ct

352 3114 620 3177 mutieresdeieetas,
630 3130 698 3185 quas
710 3114 831 3180 licoisas,
841 3115 868 3170 id
878 3124 920 3172 est
930 3118 995 3188 tegis
1009 3120 1140 3187 eurmdes,

352 3208 395 3262 rei
415 3208 534 3262 nicoisas
558 3209 638 3278 rotgo
657 3221 803 3271 vocamus,
819 3210 898 3278 quasi
919 3217 1045 3264 sanctum
1060 3210 1141 3266 Nico-

352 3295 427 3349 laum
449 3296 604 3358 imitantes,
619 3296 743 3350 ordinem
760 3297 963 3366 professionum
980 3301 1141 3355 terminabi-

351 3403 426 3450 mus,
436 3395 465 3440 ut
477 3398 570 3458 postea
581 3388 615 3442 de
626 3390 720 3443 irabitu
732 3390 854 3459 etepuiis
863 3399 890 3446 et
904 3393 996 3446 labore
1010 3409 1141 3449 nranuurn

353 3481 469 3534 tiberina
484 3488 693 3551 pertractemus.
713 3480 811 3537 Postea
827 3491 917 3542 autem
934 3483 1097 3556 subjungam
1108 3487 1142 3542 de

352 3573 470 3627 dirersis
498 3573 676 3627 ecelesiarum
706 3575 969 3642 eorrsnetudinibus,
997 3579 1142 3635 estendere

352 3666 467 3733 cupieos
483 3666 510 3719 in
526 3663 647 3720 Ecclesia
662 3664 708 3720 liei
723 3666 790 3720 nihii
810 3668 853 3736 agi
875 3682 908 3722 cx
932 3671 1140 3736 consuetudine,

352 3755 426 3824 quod
442 3755 494 3826 ipsi
518 3757 653 3810 condituri
673 3765 701 3812 et
723 3757 804 3826 capiti
817 3758 940 3814 ecciesiae
954 3774 1009 3814 non
1024 3762 1139 3833 placeat.

351 3848 438 3915 ‚gitur
450 3847 591 3902 bantinum
601 3846 684 3902 beorn
692 3859 824 3913 nestrum,
838 3850 1007 3906 conditorem
1018 3854 1141 3908 urnnium

352 3953 484 4010 rogamus
497 3945 523 3992 et
536 3940 663 4008 petimus,
682 3949 708 3994 et
722 3948 749 3996 te
759 3949 789 3994 ut
808 3956 887 4012 reges
901 3958 1056 4013 precamur,
1072 3961 1138 4016 qna-

351 4039 435 4087 tenus
451 4047 501 4085 nos
522 4029 556 4086 de
580 4031 752 4086 institutione
775 4047 915 4088 serverum
931 4031 977 4089 liei
1001 4035 1141 4092 locuturos

353 4121 475 4190 adjuret.
491 4130 629 4175 uteorum
647 4124 729 4174 vitant
753 4122 903 4187 imitando,
920 4124 954 4178 ad
980 4132 1140 4180 sanctornm

353 4213 513 4267 societatem
535 4212 688 4282 pertingere
702 4213 865 4284 quaudoque
880 4216 1029 4270 valeamus.
1046 4215 1141 4272 Valeat

353 4306 381 4359 in
394 4305 505 4360 Christo
521 4306 633 4360 ditectio
646 4313 704 4370 tua,
720 4305 804 4361 frater
814 4308 988 4365 charissime.

352 4403 373 4460 Ι.
387 4404 427 4459 De
439 4405 554 4458 mentitis
570 4405 616 4475 qui
630 4419 698 4474 sepe
710 4405 761 4459 soii
777 4405 816 4460 uel
826 4422 885 4459 curn
900 4408 992 4476 paucis
1005 4408 1138 4467 debitunt.

387 4498 415 4552 i.
434 4494 471 4552 lie
485 4497 602 4552 dirersis
621 4497 764 4553 ordinibus
779 4498 822 4552 rel
842 4498 1059 4568 professionibus
1078 4518 1139 4559 ser-

351 4604 462 4644 monem
478 4587 609 4653 babituri,
627 4605 688 4660 quae
701 4605 717 4643 a
731 4589 866 4661 religiosis
877 4590 943 4646 riris
958 4594 1051 4649 seculi
1063 4611 1141 4666 pour·

352 4694 415 4750 pam
432 4679 601 4750 fugientibus
617 4681 645 4734 in
660 4679 784 4736 Ecclesia
795 4680 851 4738 lieu
863 4686 981 4740 tenenda
994 4696 1138 4758 serentur,

354 4772 477 4842 primum
494 4780 601 4842 oportet
624 4772 786 4839 ostendere,
806 4775 878 4843 quod
894 4776 957 4830 olim
974 4778 1061 4848 prima
1074 4786 1141 4837 aetas

1192 1679 1255 1719 uum
1273 1666 1394 1721 carmine
1404 1665 1519 1721 nririiico
1532 1665 1682 1721 decantans
1697 1667 1756 1719 ait:

1334 1777 1410 1832 retia
1425 1779 1534 1832 uiruiruu
1546 1781 1620 1846 prior
1634 1789 1709 1831 o'tos.

1333 1850 1464 1903 tinniente
1479 1850 1599 1913 lidelibus
1614 1851 1695 1909 araas,

1335 1919 1391 1974 afer
1405 1923 1483 1974 intanti
1495 1922 1597 1990 perdito
1609 1921 1683 1978 insu,

1335 1989 1421 2044 Facili
1435 2008 1494 2058 quo:
1508 2009 1566 2045 seru
1579 1992 1678 2043 soieirut

1332 2060 1440 2124 fciurria
1455 2062 1552 2114 soluere
1563 2061 1667 2128 qiuude,

1335 2129 1391 2183 Nec
1404 2131 1533 2183 ifuccirico
1548 2149 1655 2183 rrrrrueru
1671 2141 1747 2182 ruerat

1337 2200 1448 2269 Liquido
1459 2202 1616 2269 corri'uudcrc
1630 2202 1714 2262 rrteiic,

1337 2271 1393 2325 tl'ec
1410 2271 1498 2326 trucida
1514 2274 1607 2326 veliem
1624 2273 1717 2326 Seruus

1337 2343 1417 2411 'i'qrr’u
1433 2345 1541 2396 tralucere
1555 2359 1658 2397 rcrteuo.

1335 2412 1447 2467 Seruatus
1458 2413 1540 2466 diabol
1553 2413 1633 2466 irerbu
1647 2414 1776 2467 salubres.

1337 2484 1431 2539 Petunt
1447 2501 1547 2554 quoqne
1559 2483 1675 2537 lubricus
1688 2487 1772 2536 untrris

1335 2552 1448 2608 Uirrium
1464 2556 1595 2607 uilissium
1609 2557 1696 2622 pirrus.

1338 2624 1463 2678 fiendum
1479 2628 1561 2678 ureris
1572 2625 1628 2677 aito
1644 2625 1757 2689 recolat,

1337 2695 1392 2749 Nec
1407 2695 1535 2749 rreerciirus
1549 2695 1663 2766 turdique
1675 2696 1756 2759 fectis,

1335 2764 1412 2822 n'ouo
1428 2769 1520 2821 littora
1536 2766 1636 2820 uiderat
1652 2766 1753 2837 itosper.

1193 2881 1233 2936 Ad
1249 2880 1374 2936 ultimum
1386 2895 1451 2936 reru
1465 2878 1596 2934 carminis
1608 2879 1691 2950 imjus
1707 2880 1777 2936 idem
1794 2880 1941 2938 subinfert:

1335 2994 1411 3048 ileu!
1426 2996 1526 3062 primus
1541 2993 1598 3064 agaris
1614 2993 1665 3062 fuit
1678 2995 1732 3058 itte,

1336 3067 1402 3118 datr-i
1413 3066 1457 3134 qui
1467 3063 1582 3133 perrdero
1599 3065 1669 3124 tecti,

1333 3135 1504 3205 Genrnmsque
1515 3137 1596 3188 latere
1611 3136 1723 3188 uolentes

1335 3207 1457 3260 Pretiosa
1471 3206 1591 3274 periculo
1610 3206 1700 3273 feriit?

1378 3277 1474 3348 (liner.
1491 3276 1529 3331 fle
1543 3276 1643 3330 corraei.
1657 3275 1759 3342 Pinifer.
1772 3277 1791 3331 l.
1805 3291 1836 3340 n,
1851 3286 1921 3332 metr
1935 3276 1981 3352 l.)

1227 3391 1253 3445 2.
1265 3389 1294 3445 Si
1309 3389 1558 3462 igiturconceditur
1572 3388 1640 3443 milri
1656 3390 1763 3459 priores
1774 3390 1898 3447 immines
1908 3391 1982 3447 seius

1194 3485 1294 3554 saepius
1307 3481 1526 3551 babitassc,quia
1538 3495 1588 3534 ncc
1603 3480 1631 3534 in
1642 3478 1741 3535 Genesi
1752 3489 1816 3534 ante
1829 3480 1895 3536 Cain
1906 3481 1982 3553 quis-

1192 3591 1274 3647 quam
1287 3575 1328 3630 rei
1340 3574 1478 3628 ciuitatem
1492 3574 1534 3627 uei
1548 3572 1659 3626 donnun
1675 3573 1980 3643 iegiturcenstruxisse.

1192 3671 1219 3720 et
1233 3664 1370 3734 losepirus
1391 3662 1518 3718 similiter
1536 3662 1572 3715 ob
1595 3663 1719 3732 rapinam
1744 3661 1892 3719 fratricidae
1907 3664 1982 3720 iilius

1192 3758 1250 3813 baec
1261 3757 1406 3812 adinventa
1424 3763 1552 3819 testatur,
1567 3764 1594 3810 et
1608 3755 1764 3826 philosophi
1782 3756 1857 3812 iilius
1870 3772 1982 3813 carmen

1192 3851 1254 3906 illus
1278 3848 1424 3904 inumbra
1451 3848 1580 3902 arborum
1605 3862 1729 3902 morasse
1754 3849 1899 3913 decantat,
1923 3848 1983 3905 sine

1192 3945 1270 4008 luxu,
1285 3944 1346 3999 sine
1360 3941 1510 4013 cupiditate
1520 3941 1566 3996 iila
1582 3948 1609 3996 ct
1624 3941 1768 4011 jactantia,
1784 3957 1844 4011 quae
1855 3943 1936 3998 uredo
1953 3942 1982 3996 in

1191 4036 1274 4092 nubis
1290 4044 1342 4097 est,
1354 4037 1503 4099 ¹uiuentes,
1519 4043 1545 4089 et
1563 4034 1688 4105 gramina
1709 4035 1743 4088 ad
1762 4048 1842 4089 usum
1857 4035 1931 4097 ritae,
1951 4043 1982 4089 ut

1192 4127 1378 4183 animantibus
1399 4127 1436 4182 ita
1456 4133 1484 4180 et
1505 4125 1690 4181 irorrrinibnsa
1709 4125 1765 4182 nee
1785 4134 1850 4182 sum
1869 4126 1980 4190 tradita,

1191 4228 1299 4277 constat
1312 4219 1423 4275 eusdem
1446 4219 1551 4290 priores
1571 4218 1697 4274 immines
1714 4219 1833 4290 aliquant
1852 4220 1982 4275 eremita-

1191 4329 1251 4370 rum
1274 4311 1483 4369 simiiitudinem
1503 4310 1651 4373 babuisse.
1666 4309 1746 4381 quasi
1767 4311 1886 4381 aliquem
1912 4309 1982 4367 forte

1190 4412 1298 4463 oertum
1313 4404 1403 4459 loetum
1417 4400 1564 4464 tenebant,
1580 4399 1622 4455 rai
1641 4409 1671 4453 ut
1692 4400 1816 4456 immines
1831 4399 1981 4472 aliquando

1191 4511 1222 4553 se
1239 4494 1408 4559 invisebant,
1420 4500 1513 4547 tamen
1525 4490 1559 4547 de
1572 4491 1752 4549 aediliciisuel
1768 4493 1902 4560 restibus,
1917 4493 1982 4549 cibo

1191 4590 1234 4644 rel
1256 4594 1333 4659 putu,
1352 4586 1395 4641 uei
1419 4585 1537 4656 pecunia
1560 4601 1615 4640 nun
1647 4600 1812 4656 magnopere
1834 4586 1979 4643 curabant.

1191 4679 1293 4737 Locum
1303 4686 1476 4734 rerucertum
1487 4693 1535 4734 eos
1544 4692 1714 4748 nequaquam
1726 4679 1846 4733 tenuisse
1854 4694 1887 4734 ee
1899 4680 1982 4734 modu

1192 4772 1321 4843 conjicio,
1333 4771 1463 4842 quianon
1475 4779 1539 4826 ante
1552 4769 1620 4825 Cain
1634 4770 1733 4825 doinus
1743 4770 1785 4824 uel
1800 4770 1899 4825 civitas
1914 4770 1982 4826 ardi-

352 4861 401 4917 liei
419 4861 562 4916 serritium
582 4868 609 4916 et
634 4862 738 4917 cultum
765 4863 852 4918 libens
878 4864 1071 4937 frequentauit.
1100 4867 1139 4924 lbi
1156 4868 1178 4923 tt
1193 4864 1271 4918 ficata
1290 4862 1351 4917 fuit.
1367 4862 1400 4916 Et
1420 4859 1522 4933 loseph
1537 4863 1663 4920 eumdem
1674 4869 1761 4915 metas
1774 4863 1855 4916 terris
1865 4869 1892 4916 et
1907 4861 1981 4916 tind-

351 4955 425 5008 entm
452 4955 520 5010 utet
548 4955 712 5010 saceraotem
741 4957 908 5026 acceptante
928 4957 1044 5024 ontulit,
1074 4961 1140 5017 sera
1192 4949 1537 5023 tcsoriuuuiunosuisse
1553 4946 1980 5018 asseriunmorumergoenr·

306 5114 310 5120 ι
352 5059 453 5100 nomen
465 5042 513 5099 liei
525 5059 588 5100 curn
600 5059 649 5101 sua
662 5046 792 5116 progenie
806 5047 1018 5113 invocavit,lfee
1031 5068 1141 5124 quoqne
1192 5044 1359 5100 tieandarum
1376 5057 1442 5097 cura
1457 5041 1581 5098 eremitis
1596 5056 1704 5097 summa
1719 5056 1774 5095 ιιοιι
1789 5040 1926 5104 eenreuit,
1944 5054 1979 5095 ne

351 5134 382 5191 in
398 5150 448 5190 sua
462 5137 638 5205 generatione
659 5137 750 5206 justus
765 5138 902 5206 inuentus,
918 5149 945 5197 et
959 5143 993 5197 ad
1008 5144 1139 5199 obedieu-

350 5225 417 5283 dum
429 5225 484 5283 Dee
499 5236 651 5297 promptus,
668 5229 728 5299 ipso
739 5229 864 5298 jubente,
878 5247 970 5287 arcam
986 5234 1138 5291 fabricarit.

351 5315 431 5374 Unde
441 5318 505 5388 quia
520 5317 553 5371 ad
568 5319 697 5374 eremitas
715 5322 880 5392 principium
895 5321 986 5379 facere
1000 5323 1140 5395 disposui·

350 5424 424 5472 mus,
444 5409 599 5463 intueamur
621 5410 644 5465 si
661 5408 730 5464 forte
744 5410 770 5464 in
796 5412 892 5481 primis
916 5412 1071 5468 bominibus
1089 5413 1140 5468 aii·

350 5517 434 5572 quam
451 5499 548 5555 borum
564 5517 704 5559 serrorum
721 5501 768 5557 bet
789 5504 996 5560 similitudinem
1016 5506 1140 5561 invenire

350 5593 534 5666 potuerimus.
547 5592 614 5648 llam
635 5594 696 5649 ilios
722 5595 829 5665 priores
845 5595 968 5652 bomines
992 5597 1139 5666 aliquanda

350 5687 428 5742 solos
447 5684 586 5740 habitasse
605 5699 638 5741 oo
650 5684 754 5755 judicio
765 5687 954 5758 perdocemur,
971 5687 1042 5758 quod
1058 5686 1138 5755 Cain,

348 5780 445 5836 occiso
467 5776 553 5833 fratre
578 5794 628 5833 suo
650 5777 731 5846 Abel,
750 5781 855 5850 primus
880 5780 979 5850 iegitur
999 5781 1138 5837 civitatem

346 5868 519 5935 aedificasse,
540 5877 568 5923 et
588 5885 621 5924 er
643 5871 752 5926 nomine
775 5871 822 5926 filii
846 5871 889 5926 sui
916 5870 988 5927 Etrus
1014 5874 1138 5929 eamdem

347 5957 517 6027 appellasse.
537 5955 665 6011 Testatur
680 5958 762 6013 etiam
775 5959 911 6032 losepirus
928 5962 979 6016 iaec
994 5962 1055 6017 ideo
1075 5979 1138 6019 eum

344 6047 466 6111 iecisse,
495 6048 568 6117 quod
593 6049 735 6104 iatrocinia
761 6062 917 6118 exerceret,
940 6064 967 6110 et
987 6055 1022 6110 ad
1043 6055 1137 6110 cadem

343 6155 445 6198 secum
471 6140 621 6193 exercenda
651 6141 800 6196 familiares
825 6162 890 6204 suos
917 6146 1136 6218 dornesticesqne

493 6233 626 6294 l‘amtm.
652 6237 789 6300 tjuxltt.

1190 5137 1300 5191 dicatur
1319 5135 1353 5190 de
1372 5135 1424 5196 cis,
1440 5134 1504 5203 quia
1520 5148 1642 5190 eremum
1659 5148 1713 5188 non
1730 5133 1864 5195 incolunt,
1888 5134 1935 5188 aed
1951 5134 1979 5187 iu

1189 5242 1282 5283 ereum
1302 5227 1398 5281 domos
1417 5224 1559 5281 ciuitatum
1582 5225 1710 5279 invenere
1734 5226 1870 5295 gestiunt,
1894 5228 1980 5281 restis
2034 5259 2038 5268 ·

1188 5322 1262 5385 tritis,
1285 5320 1363 5374 cibus
1387 5317 1521 5389 grossior,
1538 5317 1711 5387 permodicus
1728 5317 1827 5372 talibus
1842 5318 1978 5386 congruit.

1190 5412 1357 5468 Exercitatio
1368 5411 1530 5481 corporalis.
1540 5409 1643 5480 jejunia
1657 5419 1684 5465 et
1694 5410 1785 5479 vigilia
1802 5409 1863 5465 ilios
1877 5409 1980 5479 glorio-

1190 5519 1236 5559 sos
1259 5504 1386 5559 reddunt.
1411 5502 1536 5559 Eremitae
1556 5517 1622 5572 crgo
1643 5517 1743 5558 nomeu
1767 5502 1906 5556 ineassum
1924 5514 1978 5554 uon

1190 5593 1365 5659 teneant,sed
1380 5609 1463 5663 opere
1473 5590 1761 5649 exornent.iiabcmus
1776 5606 1841 5660 ergo
1855 5589 1978 5660 inprimi

1189 5692 1269 5740 atate
1290 5683 1468 5738 eremitarum
1498 5681 1705 5738 similitudinem
1727 5694 1903 5751 expressam,
1931 5680 1977 5734 ubi

1191 5778 1345 5834 invenimus
1365 5775 1550 5848 aretinorum
1566 5776 1595 5830 in
1608 5775 1737 5830 arborum
1753 5773 1849 5827 umbra
1867 5786 1977 5826 moran·

1190 5881 1256 5934 tem,
1270 5878 1298 5925 et
1313 5871 1424 5939 pascuis
1437 5869 1528 5925 ovium
1543 5868 1696 5929 intentum,
1710 5865 1770 5921 sine
1783 5863 1866 5918 dubio
1880 5865 1978 5918 solitu·

1189 5960 1432 6031 dinemquaesisse,
1446 5959 1493 6014 nbi
1508 5967 1533 6015 et
1550 5957 1736 6015 sinetumuitu
1752 5957 1860 6016 riserit.
1876 5966 1903 6010 et
1912 5973 1980 6010 oris

1190 6072 1247 6112 sue
1257 6054 1419 6110 innocentiae
1432 6053 1537 6109 indices
1549 6052 1675 6116 nutriret,
1684 6066 1716 6107 ae
1727 6050 1863 6106 deiudede
1874 6051 1975 6106 eisdem

1190 6148 1287 6225 oribus¹
1301 6147 1405 6203 frutus
1413 6144 1645 6215 caniensllernlno
1657 6145 1773 6202 ulferret.
1783 6141 1891 6197 tostum
1906 6142 1977 6197 euim

1785 6235 1823 6294 re.
