5125 7059
344 709 399 763 273
887 699 895 718 ⁰
978 698 1141 756 hibbitu.
1158 726 1194 738 -·
1205 697 1269 753 tib.
1292 694 1335 751 l'l.
1914 688 1967 743 att

346 830 461 888 states,
476 820 579 891 quibus
595 816 714 872 mundus
729 817 788 886 ipse
800 815 988 886 distinguitur,
1003 818 1074 871 sieut
1089 832 1136 887 per
1152 814 1227 876 heis
1243 811 1397 878 mirabilia,
1411 822 1439 867 et
1451 810 1526 866 dedit
1539 810 1580 866 eis
1596 809 1658 864 vitm
1673 805 1843 874 mandata'²,
1854 821 1886 860 cx
1903 815 1969 861 tuuc

345 915 406 968 dies
419 912 611 980 septuaginta,
626 910 667 966 sic
680 923 731 978 per
742 917 844 978 septem
863 908 1020 965 liomiuicas
1034 925 1134 978 reprae·
1185 905 1268 976 coepit
1282 903 1328 959 ille
1343 918 1459 973 magnus
1474 916 1564 956 cecus
1577 899 1746 962 illuminari,
1764 898 1867 953 scilicet
1883 912 1969 968 genus

346 1012 437 1059 senten
451 1001 584 1059 Ecclesia.
602 1001 694 1057 Prima
709 1011 775 1056 aetas
797 1009 840 1055 est
854 1000 889 1055 ab
912 1000 999 1055 Aulam
1014 1001 1047 1055 ad
1062 999 1134 1066 Noe,
1186 999 1353 1063 humanum,
1370 997 1473 1068 dequo
1488 996 1516 1051 in
1531 995 1665 1050 hodierno
1690 993 1790 1063 legitur
1809 990 1966 1062 euangelio,

347 1095 469 1151 secunda
491 1109 575 1159 roro,
592 1110 608 1149 a
632 1092 689 1148 lloe
706 1108 793 1161 usque
811 1093 845 1147 ad
867 1091 1021 1159 Abraham,
1037 1092 1079 1148 rel
1090 1108 1135 1148 se·
1186 1089 1233 1159 qui
1255 1089 1296 1142 sic
1310 1088 1497 1157 increpatura
1514 1086 1615 1152 turha,
1631 1086 1694 1141 dum
1723 1084 1838 1140 lucerua
1856 1081 1971 1137 Domino

347 1187 468 1242 cundum
483 1187 635 1256 quosdam,
651 1187 685 1241 ad
701 1184 831 1256 iloysen;
849 1185 944 1252 tertia,
965 1201 982 1240 a
997 1185 1089 1257 lloyse
1102 1185 1136 1241 ad
1187 1181 1340 1251 postularet
1348 1180 1383 1246 '⁸,
1416 1183 1488 1237 sicut
1512 1179 1561 1234 lilii
1586 1169 1668 1234 lsra'el
1691 1177 1913 1248 opprimebantur
1937 1175 1972 1229 ab

349 1272 445 1339 llarid,
457 1273 670 1344 quartaallasid
678 1289 764 1344 usque
773 1273 806 1327 ad
817 1274 1082 1343 transmigrationem
1089 1274 1138 1331 Ba·
1187 1271 1344 1344 AEgyptiis,
1370 1272 1435 1328 dum
1457 1278 1582 1342 peterent
1596 1271 1636 1326 ire
1654 1273 1725 1326 uiam
1749 1269 1831 1324 trium
1847 1269 1971 1331 dierum,

348 1365 1137 1437 bilonisquinta,atransmigrationeliabylonisusquead
1188 1377 1219 1423 ut
1231 1368 1349 1423 bonnm
1369 1363 1598 1421 sacriticarent”.
1612 1363 1714 1430 Quarta
1729 1361 1869 1417 bominica
1880 1359 1973 1430 juren-

349 1459 499 1513 adrcntum
511 1458 630 1524 Domini,
641 1470 824 1530 scrutansque
834 1460 868 1514 ad
880 1460 960 1515 linem
977 1461 1137 1528 saeculi;se·
1188 1470 1273 1518 tutem
1290 1463 1416 1533 designat
1430 1459 1575 1526 Ecclesiae,
1589 1458 1618 1513 in
1632 1473 1687 1528 gua
1711 1471 1806 1528 regum
1823 1455 1975 1510 diademate

349 1551 447 1620 ptima,
457 1551 678 1622 similiterusque
688 1553 722 1607 ad
733 1553 858 1607 eumdem
869 1553 960 1608 linem.
970 1553 1138 1610 Simnlenim
1189 1561 1346 1618 comuntur,
1370 1557 1399 1604 et
1422 1550 1554 1618 sapientia
1574 1551 1771 1620 prophetarum
1798 1556 1926 1612 ornatur,
1947 1547 1973 1598 iu

349 1650 481 1708 currunt,
496 1643 544 1698 sed
567 1643 612 1697 illa
627 1643 661 1710 ,in
676 1645 872 1715 vigilantibus,
887 1654 915 1700 et
930 1645 1137 1713 laborantibus,
1189 1660 1308 1715 cuorum
1323 1644 1451 1699 manibus
1463 1642 1592 1698 Christus
1613 1641 1831 1706 assimilatur⁸⁰;
1850 1654 1914 1694 nam
1934 1652 1975 1692 re·

354 1734 409 1788 ista
423 1734 452 1788 in
471 1734 669 1792 dormientibus
686 1746 713 1792 et
725 1737 949 1807 quiescentibus,
963 1738 1010 1794 ubi
1032 1739 1140 1810 requie
1190 1753 1254 1807 gum
1269 1745 1298 1792 ct
1316 1739 1513 1808 prophetarum
1528 1733 1613 1789 Dauid
1628 1733 1748 1789 eximius
1767 1731 1916 1802 eligitur⁸¹,
1930 1729 1975 1800 gui

351 1833 436 1883 scunt
450 1825 599 1881 electorum
617 1827 717 1882 anime
726 1828 798 1882 inter
812 1830 896 1885 ubera
907 1829 1031 1885 laetantes
1044 1831 1140 1887 matris
1190 1844 1270 1882 mona
1285 1829 1382 1897 tortis,
1399 1839 1426 1884 ct
1439 1829 1497 1883 nisu
1512 1825 1694 1882 desiderabilia
1713 1825 1917 1894 interpretatur,
1929 1820 1977 1891 qui

350 1934 410 1973 sue
423 1933 549 1989 supernae
560 1916 720 1974 Jerusalem.
737 1918 775 1975 lle
790 1921 833 1976 bis
853 1922 980 1976 aetatibus
996 1923 1035 1977 ait
1048 1920 1141 1978 llonri·
1190 1919 1332 1975 Clxristum
1346 1918 1457 1974 nomine
1469 1917 1661 1989 presignavit,
1675 1915 1801 1970 uictoriis
1815 1914 1977 1984 prefigura-

351 2023 406 2063 nus
426 2005 479 2062 :lo
502 2022 550 2062 sex
567 2007 789 2064 tribulationibus
812 2009 990 2078 liberaberis,
1004 2020 1032 2066 et
1054 2012 1081 2066 in
1097 2026 1141 2068 se·
1190 2012 1247 2079 rit,
1262 2013 1390 2082 psalmis,
1416 2020 1444 2066 et
1465 2010 1583 2066 canticis
1606 2008 1796 2071 annuntiavit,
1812 2006 1883 2061 sicut
1904 2005 1978 2061 enim

351 2100 438 2170 ptima
451 2114 506 2154 non
522 2107 613 2170 tanget
629 2110 655 2155 te
668 2099 819 2167 malum“;
838 2119 849 2154 a
870 2103 994 2159 senarias
1008 2102 1074 2159 dicit
1089 2104 1140 2159 tri·
1192 2104 1276 2160 David
1292 2101 1430 2161 Goliam⁸¹
1444 2112 1472 2159 ct
1486 2101 1620 2168 Leonem,
1637 2103 1678 2157 sic
1696 2101 1824 2155 Christus
1839 2099 1979 2154 diabolum

352 2193 510 2249 balationes
520 2207 632 2257 omnes,
648 2207 696 2248 sex
708 2201 819 2247 artatum
838 2194 997 2264 angustias,
1012 2211 1061 2252 sex
1074 2212 1142 2252 ren·
1157 2167 1178 2223 B
1193 2197 1350 2267 superarit,
1367 2194 1414 2266 qul
1429 2209 1512 2264 super
1526 2195 1648 2263 aspidem
1666 2203 1694 2249 et
1708 2194 1865 2248 basiliscum
1881 2194 1979 2248 ambu-

352 2296 417 2350 tos,
433 2284 482 2354 qui
497 2299 548 2339 nos
567 2299 583 2339 a
608 2300 656 2341 sex
672 2285 805 2341 lateribus
823 2284 941 2354 feriunt,
966 2287 1013 2356 qui
1029 2289 1142 2347 suntab
1193 2288 1268 2343 lavit.
1284 2285 1362 2343 Unde
1374 2287 1537 2343 hodiernum
1550 2286 1669 2340 otlicium
1684 2301 1749 2341 voce
1763 2285 1848 2340 David
1859 2301 1980 2356 praecen-

353 2374 503 2440 anteriori,
525 2375 664 2446 suggestio
687 2373 889 2443 demonum,a
915 2380 1060 2447 posteriori
1075 2395 1142 2450 pec-
1192 2380 1263 2435 toris
1280 2379 1308 2433 in
1323 2379 1451 2434 cantibus
1465 2376 1661 2444 celebratur⁸¹,
1678 2386 1705 2431 ct
1730 2379 1757 2432 in
1779 2375 1926 2445 Evangelio
1948 2373 1982 2428 de

353 2476 481 2520 catorum
505 2465 675 2522 delectabilis
702 2469 837 2524 memoria
862 2471 1081 2539 praeteritorum,
1107 2474 1143 2529 ab
1192 2471 1309 2527 uictoria
1324 2469 1426 2526 Christi
1440 2470 1649 2540 personatur⁸⁸.
1672 2469 1773 2535 Quinta
1789 2468 1928 2522 lionrinica
1944 2466 1983 2520 si·

354 2556 481 2611 inleriori
509 2556 610 2612 titillari
657 2560 765 2625 carnis,
791 2574 807 2614 a
832 2562 968 2631 superiori
992 2578 1143 2623 consensus
1194 2563 1308 2636 gnillcat
1322 2571 1491 2618 senectutem
1518 2559 1668 2631 Ecclesiae,
1685 2562 1713 2617 in
1732 2576 1786 2632 qua
1802 2560 1918 2615 dchcere
1933 2573 1983 2612 na·

354 2649 489 2715 rationis,
512 2663 527 2704 a
552 2649 657 2704 dextris
672 2651 856 2721 prosperitas,
872 2668 888 2707 a
908 2654 1030 2712 sinistris
1046 2658 1144 2712 adrer—
1193 2655 1290 2710 turalis
1304 2654 1378 2710 calor
1392 2654 1514 2725 iucoepit.
1533 2652 1612 2720 Nam,
1627 2653 1729 2724 templo
1742 2653 1864 2722 dirupto,
1880 2650 1983 2720 populo

355 2739 422 2793 sitas
434 2756 443 2793 ι
455 2754 471 2792 a
482 2738 583 2810 quibus
594 2741 722 2796 omnibus
731 2741 778 2811 qni
791 2742 923 2798 liberatur
936 2760 984 2813 per
995 2745 1143 2804 Dominum
1193 2749 1245 2804 sub
1258 2746 1512 2804 Nabuchodonosor
1527 2750 1554 2803 in
1569 2747 1706 2819 Babylone
1731 2746 1866 2818 captivam
1876 2744 1910 2806 ⁸⁸,
1932 2741 1985 2798 Ec·

359 2828 504 2885 liberatur.
519 2827 615 2886 Unde:
634 2849 644 2882 a
664 2832 756 2886 multae
769 2841 834 2888 sunt
850 2835 1040 2893 tribulationes
1054 2837 1143 2908 justo-
1193 2841 1276 2899 clesia
1291 2841 1429 2913 captivata
1446 2856 1497 2898 nec
1516 2841 1619 2906 altare,
1643 2854 1693 2893 nen
1717 2838 1847 2908 templum
1870 2836 1983 2900 habuit,

356 2930 475 2989 ruru,et
487 2922 521 2977 de
533 2924 663 2979 omnihus
682 2924 725 2980 his
741 2925 867 2983 liberavit
879 2942 927 2984 eos
939 2928 1111 2988 Dominus⁸⁷.
1129 2951 1140 2987 r
1193 2935 1241 2991 sed
1255 2933 1290 2989 ad
1305 2934 1404 2990 salices
1427 2948 1531 3004 organa
1549 2948 1599 2988 sua
1625 2930 1805 3001 suspendit⁸⁸.
1833 2927 1910 2985 Unde
1934 2944 1984 2985 nec

356 3011 520 3070 liberamur
530 3026 621 3071 autem
632 3016 660 3071 in
675 3028 780 3086 morte,
797 3035 857 3091 qua
868 3029 910 3076 est
920 3022 1068 3078 conhnium
1082 3026 1143 3082 rim
1193 3027 1229 3082 ab
1241 3042 1271 3082 re
1281 3026 1340 3082 brec
1354 3023 1497 3081 Dominica
1517 3035 1606 3091 vacat,
1620 3024 1755 3080 nechabet
1777 3022 1913 3085 officium,
1931 3023 1983 3078 uisi

357 3107 399 3208 ad·
417 3107 522 3174 sitam,
548 3122 564 3163 a
590 3124 645 3179 quo
671 3109 699 3166 in
723 3120 804 3167 aetate
831 3112 946 3184 septima
972 3119 1144 3186 requiescent
1194 3120 1229 3176 ab
1245 3120 1299 3175 alia
1312 3119 1381 3176 leria
1398 3128 1553 3175 mutuatum
1566 3137 1574 3185 3
1589 3117 1634 3172 illa
1648 3132 1713 3172 sero
1728 3116 1872 3187 captivitas
1888 3131 1984 3186 pecca·

357 3211 456 3251 antmae
467 3211 483 3251 a
496 3196 637 3300 laboribus
651 3201 751 3256 suis·⁸.
765 3200 843 3269 Quod
857 3204 908 3259 has
925 3215 1028 3274 septem
1049 3218 1143 3266 autes
1194 3213 1272 3270 tricis
1286 3213 1412 3283 designat
1427 3212 1526 3267 anima
1540 3210 1741 3281 captivitatem,
1761 3223 1838 3279 quiae,
1854 3224 1907 3262 non
1932 3207 1986 3263 nisi

357 3297 462 3357 ⁵⁰P¹²¹¹¹
476 3287 623 3392 ⁹⁰¹¹¹¹¹¹5⁰ae
640 3301 851 3362 fellfaesesslenlt
867 3310 899 3349 0¹
913 3309 1009 3353 earum
1020 3295 1144 3354 declara·
1193 3305 1221 3359 in
1238 3303 1345 3375 jejunio
1355 3312 1383 3359 et
1395 3300 1720 3373 oratiouerepellatur⁸';
1734 3300 1839 3355 ideirco
1850 3298 1984 3361 Ecclesia,

357 3388 402 3434 tur
415 3379 536 3437 ollicirs:
555 3382 583 3437 ia
598 3383 686 3455 prima
697 3400 817 3454 quarum
829 3386 904 3442 velut
915 3389 1030 3445 infantia
1047 3392 1142 3447 muudi
1195 3397 1276 3465 quasi
1294 3410 1363 3451 voce
1372 3393 1495 3451 Danielis
1511 3394 1539 3449 iu
1560 3394 1607 3449 illa
1623 3393 1782 3463 captivitate
1801 3389 1984 3455 clamantis⁸·,

357 3471 460 3527 clamat
477 3474 587 3530 bomoa
604 3475 678 3532 felici
694 3477 875 3537 delectatione
888 3481 1027 3551 dejectus,
1047 3485 1075 3539 in
1089 3502 1144 3555 qua
1160 3500 1183 3562 c
1198 3489 1232 3543 de
1245 3487 1352 3558 jejunio
1370 3494 1511 3542 mutuatur
1524 3484 1642 3541 officium
1653 3526 1661 3551 ,
1674 3482 1747 3555 quod
1764 3491 1851 3538 toturn
1867 3497 1987 3536 moeroru

356 3572 542 3638 protomartyr
553 3567 622 3623 Abel
634 3570 781 3634 occiditur,
794 3571 875 3641 cujus
890 3575 1004 3645 sanguis
1022 3578 1056 3634 de
1073 3588 1146 3636 terra
1197 3580 1347 3649 perlicitur,
1359 3588 1386 3634 ct
1398 3594 1445 3649 per
1455 3576 1608 3632 Chananeae
1623 3575 1706 3630 hlium
1724 3573 1888 3629 adaemonio
1904 3586 1987 3628 nexa—

357 3654 489 3712 clamasit
516 3656 550 3712 ad
563 3657 709 3718 {lominum
719 3662 753 3729 ⁸⁹,
775 3662 893 3735 ideoque
906 3667 966 3736 ejus
981 3686 1047 3725 uoce
1067 3674 1147 3743 quasi
1198 3678 1254 3724 tam
1264 3669 1359 3724 eadem
1374 3669 1530 3723 animarum
1543 3664 1686 3734 captivitas
1697 3660 1867 3732 intelligitur.
1884 3657 1988 3714 ldcirce

357 3749 536 3821 precentoris
558 3751 659 3808 elamat
682 3752 826 3812 Ecclesia:
850 3757 1085 3820 Circumdederunt
1107 3784 1148 3823 ma
1198 3761 1232 3817 de
1247 3763 1305 3832 ipsa
1324 3762 1422 3833 legitur
1437 3757 1609 3829 evangelium
1619 3755 1654 3811 ⁸⁸.

358 3843 472 3907 cernitu
481 3844 575 3898 mortis
583 3845 617 3900 '⁰.
631 3844 664 3901 Et
673 3847 738 3916 quia
751 3864 799 3920 per
809 3850 911 3908 multas
922 3863 1014 3910 etates
1025 3866 1052 3911 et
1066 3857 1147 3930 longa
1236 3854 1319 3910 Sexta
1345 3852 1487 3909 {lominica
1503 3851 1638 3922 signiticat
1653 3847 1782 3904 Ecclesiae
1796 3846 1914 3911 senium,
1931 3845 1987 3901 sci-

359 3941 483 4004 tempora
499 3945 607 4007 oportet
622 3953 683 3993 cam
697 3938 725 3994 in
749 3941 907 4013 hujusmodi
923 3945 1047 4005 laborare
1062 3954 1148 4021 gerni.
1198 3946 1261 4002 licet
1289 3945 1357 4001 lines
1380 3942 1561 4010 saeculorum,
1586 3957 1648 3997 cum
1674 3939 1722 3996 Dei
1748 3938 1834 3993 Filius
1858 3939 1932 3992 seuit
1958 3937 1987 3991 in

359 4025 452 4092 tibus,
470 4035 497 4080 et
520 4037 630 4095 portare
652 4032 761 4101 pondus
775 4034 829 4088 diei
844 4044 871 4090 ct
886 4039 1019 4105 aestus’¹,
1034 4040 1096 4098 ideo
1110 4043 1149 4099 le-
1198 4037 1332 4095 mundum
1352 4046 1380 4091 et
1394 4053 1409 4092 a
1422 4034 1521 4092 diaboli
1538 4042 1669 4105 potestate
1683 4031 1809 4087 liberavit
1823 4045 1908 4100 genus
1933 4029 1986 4083 hu·

359 4116 432 4186 85¹¹st
443 4116 560 4187 ‘Psswh
579 4119 614 4175 de
629 4121 712 4190 ¹⁰¹¹to
725 4124 815 4179 stadio
826 4125 861 4192 ²¹,
875 4134 902 4181 et
916 4126 950 4182 de
963 4132 1090 4190 relatibus
1109 4134 1149 4195 le·
1200 4145 1323 4186 manum.
1344 4127 1422 4183 Unde
1437 4143 1470 4182 ne
1485 4126 1521 4182 sit
1539 4125 1685 4179 immemor
1699 4120 1803 4192 accepti
1824 4119 1949 4176 benelicii
1959 4129 1988 4177 et

360 4209 433 4279 85¹⁰?
449 4209 478 4263 5¹¹
491 4207 651 4282 ΕῊΗΒΘῙῙΟ·
1199 4222 1348 4292 ingratum,
1369 4218 1520 4288 gratulatur
1541 4225 1568 4271 et
1583 4216 1622 4270 ait
1644 4233 1650 4269 :
1676 4212 1754 4269 Oculi
1775 4213 1825 4266 atei
1839 4226 1938 4278 semper
1952 4217 1986 4265 cd

393 4298 424 4355 lu
451 4302 574 4357 munda
602 4319 669 4360 sero
698 4304 860 4379 Dominica,
884 4312 958 4370 reiut
980 4315 1008 4370 ln
1032 4317 1149 4386 pueritia
1200 4303 1988 4378 bomlrrum’l.Meritoergolcgiturevangeliumdedae-

361 4391 469 4459 mundi,
481 4394 640 4465 concipiens
649 4396 733 4453 bomo
740 4415 815 4469 spem
829 4417 886 4458 sue
899 4406 1148 4476 reconciliationis,
1200 4405 1326 4461 moniaco
1340 4403 1454 4457 liberato
1471 4402 1505 4456 ⁸¹.
1529 4400 1592 4454 ilaec
1607 4408 1697 4454 autom
1723 4400 1838 4467 septima
1852 4406 1880 4451 et
1892 4396 1987 4451 ultima

361 4498 393 4538 cx
406 4498 442 4539 eo
460 4486 535 4555 quud
554 4486 688 4544 boninus
708 4490 778 4546 dixit
801 4494 835 4548 ad
848 4493 905 4551 lloe
925 4514 932 4552 :
955 4496 1012 4570 Ego
1031 4509 1150 4555 statuam
1200 4500 1341 4556 bonrinica
1356 4499 1500 4552 sabbatum
1516 4494 1653 4565 significat
1674 4490 1779 4555 mundi,
1795 4489 1822 4543 in
1845 4503 1900 4558 quo
1924 4503 1988 4543 san·

361 4586 471 4644 dmm
482 4594 569 4632 'mm
581 4580 757 4639 wilhalm&
776 4601 786 4635 t
803 4582 890 4657 Hujus
905 4589 976 4658 pacti
995 4590 1037 4646 nel
1053 4607 1150 4647 recon—
1200 4602 1307 4651 ctorum
1323 4590 1421 4646 anime
1436 4588 1621 4658 requiescunt,
1649 4584 1773 4654 deposito
1788 4580 1880 4636 carnis
1894 4594 1987 4642 onere,

363 4670 513 4727 cibationis
528 4673 755 4731 accelerationem
778 4693 846 4735 voce
859 4681 916 4737 Noe
931 4684 1011 4753 quasi
1033 4700 1151 4755 preces·
1200 4686 1313 4742 etaciut
1328 4691 1390 4754 post
1410 4680 1481 4736 bella
1498 4681 1625 4736 victrices
1640 4674 1770 4747 depositis
1786 4674 1870 4730 armis
1885 4670 1989 4726 leriatm

362 4762 429 4818 toris
441 4762 572 4834 implorat
584 4763 706 4824 Ecclesia
723 4768 819 4826 dioens
840 4789 848 4827 a
864 4771 995 4846 Exsurge,
1010 4793 1091 4848 guare
1104 4780 1150 4833 olr-
1201 4777 1337 4840 laetantur,
1355 4782 1383 4829 et
1404 4772 1522 4844 siugulis
1546 4772 1624 4828 stolis
1649 4779 1831 4824 remunerate
1851 4765 1930 4821 binas
1959 4762 1986 4816 in

363 4853 481 4921 dormis,
495 4853 649 4913 [iorniw't
663 4858 750 4930 Cujus
761 4863 994 4923 reconciliationis
1008 4867 1107 4924 modus
1120 4871 1148 4925 in
1166 4841 1188 4896 Β
1203 4866 1288 4938 gloria
1308 4865 1509 4936 prestolantur.
1535 4860 1592 4916 lllic
1622 4859 1775 4915 Jerusalem
1798 4871 1861 4927 quae
1875 4866 1986 4910 sursum

305 5008 307 5013 ¹
364 4945 523 5016 erangelio,
543 4956 572 5004 et
595 4951 701 5008 ceteris
723 4955 897 5023 exprimitur,
923 4964 951 5012 et
972 4958 1104 5027 edectus,
1119 4970 1150 5016 ut
1202 4971 1328 5030 estque
1350 4958 1435 5013 libera
1453 4965 1579 5025 estque
1608 4962 1649 5008 est
1672 4960 1758 5007 mater
1775 4958 1870 5005 nostra
1892 4945 1987 5011 ’Ἤπ-

305 5056 309 5069 ’·
364 5050 447 5109 supra
462 5039 619 5097 docuimus.
634 5043 664 5098 ln
687 5045 766 5100 tertia
781 5061 848 5102 sero
862 5046 1021 5118 dominica,
1035 5054 1107 5108 velut
1121 5054 1149 5109 in
1203 5065 1292 5118 tatur,
1317 5060 1345 5107 et
1360 5051 1432 5106 diem
1449 5048 1548 5105 testum
1569 5062 1653 5118 agens
1665 5046 1688 5080 ⁸⁸
1714 5061 1762 5114 pro
1789 5056 1904 5098 numero
1916 5039 1987 5094 illio·

364 5129 548 5187 adolescentia
563 5135 673 5202 mundi,
686 5139 846 5209 concipiens
860 5148 943 5197 nomo
955 5158 1035 5199 suam
1051 5145 1151 5203 libera·
1202 5159 1263 5200 rum
1281 5144 1315 5198 de
1329 5139 1546 5212 peregrinatione
1559 5137 1732 5193 redeuntium
1746 5133 1880 5203 repositas
1896 5128 1989 5185 reiun-

305 5246 312 5299 ς
364 5222 675 5297 tionem,exeo.gu0d
691 5229 785 5285 eduxit
807 5230 939 5291 Dominus
961 5251 1010 5308 per
1023 5236 1149 5311 lloysen,
1208 5238 1250 5292 dit
1269 5235 1375 5305 epulas,
1401 5233 1546 5288 etlacteus
1567 5244 1601 5284 ex
1623 5230 1681 5284 suis
1704 5225 1835 5280 uberibus
1859 5221 1990 5293 exprimit

305 5352 311 5392 Ξ
364 5323 391 5368 et
402 5315 499 5372 Aaron
516 5317 588 5373 lilios
601 5318 684 5376 lsrael
699 5322 733 5378 de
746 5320 906 5395 Egyptiaca
918 5329 1080 5386 servitute'⁸
1094 5345 1151 5387 sue
1202 5328 1397 5386 consolationis
1418 5334 1547 5381 materne
1558 5321 1679 5378 delicias.
1705 5319 1781 5374 llurle
1791 5315 1923 5387 quidquid
1939 5315 1989 5368 ho-

305 5468 308 5476 ,
365 5406 545 5474 protectionis
568 5419 597 5466 et
620 5410 790 5469 liberationis
825 5416 1052 5475 accelerationem
1084 5437 1151 5479 voce
1201 5424 1244 5479 die
1258 5422 1367 5478 canitur
1380 5421 1406 5475 in
1421 5417 1572 5481 nocturnis,
1586 5424 1627 5470 est
1640 5415 1673 5468 de
1684 5407 1942 5479 liberatiouepopuli
1955 5408 1989 5462 de

365 5495 452 5569 iloysi
467 5500 548 5569 quasi
561 5504 740 5571 precentoris
751 5516 813 5562 orat
824 5506 947 5565 Ecclesia
957 5512 1052 5568 dicens
1065 5531 1072 5568 :
1087 5512 1150 5570 Esto
1203 5514 1331 5587 AEgypto,
1354 5513 1457 5569 scilicet
1472 5510 1505 5566 de
1530 5507 1691 5565 liberatione
1713 5505 1812 5560 aninrae
1823 5503 1856 5558 de
1872 5515 1988 5571 corpore

305 5624 311 5678 ἦ
366 5590 430 5691 mihi
443 5590 472 5645 in
486 5589 571 5646 [leam
585 5598 796 5663 molestarem&
817 5597 852 5654 Et
871 5601 932 5657 ride
947 5605 1151 5675 quia,quamlo
1202 5606 1298 5661 mortis
1321 5605 1452 5675 buius’⁸.
1471 5601 1550 5669 Quod
1571 5608 1662 5657 autem
1686 5599 1714 5653 in
1741 5596 1841 5651 diurno
1857 5603 2005 5664 persona·'

306 5706 310 5713 ·
365 5680 442 5738 misit
455 5679 591 5742 muninus
604 5684 715 5760 iloysen
731 5689 765 5745 ad
787 5693 917 5762 populum
929 5704 956 5751 et
970 5695 1036 5753 iecit
1056 5713 1150 5755 coram
1200 5699 1360 5767 turollieio,
1374 5698 1463 5756 estde
1477 5695 1568 5752 laetitia
1585 5701 1613 5749 et
1627 5690 1751 5747 satietate
1770 5682 1889 5744 coeleslis
1909 5683 1974 5740 Jeru

401 5868 540 5928 “tono
578 5872 744 5931 ‘'Psatm.
782 5875 952 5947 “Apoclh
991 5876 1131 5932 ”Gemh
1169 5877 1332 5934 ”Psall'h
1383 5873 1573 5928 ”ttatthutt
1617 5876 1782 5932 vittono.
1833 5875 1933 5931 ”Gen
1961 5874 1988 5929 'l.

365 5941 530 6000 ‘'Psathld·
567 5942 744 6002 ''Exodl‘h
783 5945 949 6002 ”esaim
986 5948 1164 6003 '’Etodill.
1202 5948 1360 6005 ”Luc.l8.
1397 5944 1514 5999 ”Exuit
1537 5946 1564 6001 5.
1603 5946 1762 6004 ⁸⁰0se.l5.
1808 5945 1987 6016 ”thegio

366 6010 511 6083 ¹¹ittcg.
543 6009 585 6071 Π.
636 6015 660 6048 ⁸⁸
696 6016 829 6073 esaiae.
879 6014 1306 6090 “hatrh.t..·⁸1t'ttcg.25.
1362 6015 1568 6073 usserman..
1592 6017 1788 6074 ”blattb-li.
1841 6015 1988 6072 “bamb

366 6081 561 6140 ''Hattblb
598 6083 766 6144 ”esaan
807 6088 828 6121 ⁸¹
848 6086 974 6146 Lucii.
1011 6088 1105 6146 ”Gal
1128 6089 1155 6147 l.
1193 6091 1360 6148 ”l‘sal.ib.
1398 6086 1556 6143 ”Roob
