5125 7059
484 677 538 734 oto
1019 674 1153 733 stonum
1173 675 1420 735 CREHONENSIS
1440 675 1593 735 otrtscorl
2056 681 2108 740 52⁸

483 793 575 847 atinus
597 790 706 847 illorum
733 806 796 848 cum
823 805 925 862 magno
940 790 1063 847 exercitu
1087 791 1115 848 in
1140 792 1271 849 strictura
1284 798 1309 856 A
1323 793 1508 850 hebdomadas
1526 795 1571 851 die
1590 805 1728 867 noctuque
1742 798 1843 855 acriter
1859 797 2068 870 impugnabant,
2082 811 2108 858 et

482 884 617 939 montium
641 884 786 940 transitum
813 885 985 954 prohibebat,
1002 885 1107 949 diceus,
1123 887 1196 956 quud
1215 901 1270 941 aon
1321 883 1485 942 Christianis
1497 897 1594 956 praeter
1616 904 1714 945 carnes
1726 893 1842 962 equinas
1857 892 1987 950 victualia
1999 895 2108 952 delicie·

483 975 643 1042 transirent,
658 977 711 1031 nisi
726 984 836 1030 centum
850 978 1019 1032 summarios
1031 992 1100 1033 auro
1114 986 1141 1033 ct
1157 988 1271 1048 argento
1321 977 1396 1032 baut.
1410 977 1535 1050 Cumque
1555 995 1609 1035 nou
1630 982 1798 1040 invenissent
1812 1000 1911 1057 aquarn
1925 1002 1975 1057 per
1993 985 2067 1043 dican
2081 998 2107 1043 et

482 1075 612 1122 oneratos
636 1067 742 1121 darent.
767 1064 919 1137 Imperator
943 1077 1034 1124 autem
1065 1070 1218 1140 respondit,
1240 1084 1271 1123 so
1320 1076 1440 1135 noctem,
1457 1069 1546 1126 Turro
1558 1072 1676 1142 quodam
1695 1084 1776 1144 capto
1795 1076 1920 1146 decerne,
1935 1094 2038 1150 aquam
2056 1082 2107 1137 sal·

480 1155 598 1212 libenter
608 1157 685 1222 dare,
698 1150 743 1212 s'ed
758 1173 811 1211 non
829 1157 881 1212 nisi
900 1157 1067 1213 menolatum
1079 1155 1271 1213 unumlnter·
1320 1173 1378 1212 sam
1398 1158 1529 1213 sitibundi
1553 1171 1581 1214 et
1602 1159 1718 1219 famelici
1736 1179 1906 1234 repererunt.
1930 1167 2026 1226 Altera
2043 1185 2107 1226 reru

481 1248 518 1302 im
531 1248 618 1303 nuntii
636 1249 753 1315 soldani,
770 1248 816 1318 qui
837 1247 1025 1305 fraudulenter
1044 1249 1179 1306 ducebant
1193 1264 1269 1317 eunt,
1319 1249 1363 1304 die
1390 1253 1575 1306 castrametati
1602 1264 1666 1310 sunt
1682 1255 1708 1310 in
1733 1257 1863 1313 viridario
1876 1259 1973 1323 leonii,
1989 1262 2107 1320 civitatis

479 1341 619 1408 dicebant,
646 1340 720 1411 quand
748 1340 802 1394 cito
826 1341 961 1397 iutrarent
984 1351 1083 1396 terram
1106 1342 1224 1406 soldani,
1241 1342 1268 1396 in
1319 1340 1449 1405 isaurie,
1473 1343 1545 1398 unde
1574 1345 1705 1402 soldanus
1737 1348 1893 1419 imperatori
1916 1354 2104 1423 nrarrdaverat,

478 1450 535 1504 uua
551 1449 618 1506 pens
634 1435 678 1488 illa
695 1434 747 1488 sibi
760 1434 875 1490 ulterius
889 1450 942 1489 non
967 1443 1088 1490 noceret.
1104 1433 1181 1490 Tunc
1202 1435 1268 1506 quia
1318 1434 1392 1506 qruud
1407 1435 1478 1491 male
1497 1434 1648 1493 intraverat
1662 1447 1764 1495 terram
1783 1457 1873 1498 suam.
1889 1441 2044 1511 imperator
2056 1463 2105 1504 au-

479 1525 552 1582 licus
567 1540 622 1580 raon
638 1526 750 1580 dimittit
765 1535 909 1595 sperantes
923 1527 950 1580 in
965 1541 1004 1593 se,
1018 1528 1130 1596 quidam
1145 1507 1267 1583 orimira·
1320 1535 1373 1580 tem
1389 1527 1495 1584 remisit
1519 1544 1655 1598 quaereus,
1679 1531 1703 1586 si
1726 1530 1817 1588 lorum
1832 1535 1975 1605 tribueret,
1990 1553 2026 1593 an
2040 1553 2104 1594 non.

478 1627 534 1684 tus,
548 1617 651 1672 caelesti
668 1617 754 1686 pratia
782 1615 931 1685 inspiratus
944 1617 1012 1685 (bl),
1029 1617 1185 1686 imperaturi
1198 1618 1267 1674 adeo
1320 1614 1459 1671 Soldauus
1473 1618 1622 1687 respoudit,
1641 1634 1672 1675 se
1695 1620 1841 1690 daturum;
1866 1622 1915 1680 sed
1933 1639 1999 1681 cum
2024 1625 2105 1681 nimis

479 1710 601 1766 iraudeur
615 1709 728 1774 detexit,
753 1718 780 1763 et
798 1708 921 1777 praelium
947 1724 1027 1764 mane
1048 1709 1171 1766 loturum
1198 1728 1267 1782 prae-
1317 1722 1411 1762 curum
1430 1707 1551 1773 offerret,
1562 1708 1710 1765 Christiani
1732 1729 1761 1768 se
1774 1713 1807 1768 ad
1822 1715 2001 1785 pugnandum
2015 1732 2104 1772 arma·

477 1802 564 1867 dixit;
586 1800 744 1871 laciensquc
762 1815 824 1854 eum
850 1800 1000 1870 planitiem,
1029 1801 1056 1855 iu
1082 1818 1136 1872 qua
1164 1804 1267 1860 intrare
1318 1805 1392 1852 runt.
1406 1796 1438 1851 Et
1452 1813 1514 1852 carru
1528 1798 1593 1853 leria
1609 1809 1685 1855 sexta
1699 1800 1822 1868 Quatuor
1833 1802 1999 1876 Temporum
2015 1807 2104 1862 immi·

477 1902 609 1963 coeperat,
624 1892 755 1956 devitare,
778 1906 839 1945 cum
865 1906 913 1960 per
933 1899 1063 1945 montana
1078 1892 1200 1948 deduxit.
1213 1892 1267 1949 Oe·
1317 1898 1403 1955 neret,
1429 1888 1598 1945 Gudelredus
1623 1889 1827 1964 llerbipuleusis
1851 1897 2000 1968 episcopus
2031 1915 2103 1957 asse·

476 1987 596 2042 curritur·
607 1986 633 2039 in
649 1983 786 2039 montanis
801 2001 807 2036 :
822 1983 960 2038 hincinde
972 1994 1123 2055 pugnatum
1139 1987 1186 2041 sed
1202 2002 1265 2043 cum
1317 1995 1416 2035 veluus
1430 1997 1459 2036 so
1473 1981 1574 2037 vidisse
1592 1981 1701 2038 mulum
1728 1983 1875 2057 Georgium
1898 1997 1996 2044 contra
2011 1989 2103 2046 bootes

476 2079 578 2135 relictis
593 2077 711 2133 sarcinis
721 2084 748 2130 et
763 2075 914 2144 alimentis,
929 2074 985 2130 dua
1000 2076 1135 2132 demente
1151 2078 1265 2134 viriliter
1317 2088 1367 2143 pru
1376 2074 1542 2132 Christianis
1564 2074 1669 2132 sortiter
1687 2088 1915 2149 propugnantem,
1933 2080 2039 2138 indicta
2054 2097 2103 2154 pu·

403 2204 405 2207 -
475 2171 670 2236 descendisset,
684 2168 825 2224 descendit
837 2179 864 2223 et
880 2169 1039 2240 imperator,
1055 2171 1101 2240 qm
1117 2173 1264 2229 victoriose
1279 2161 1301 2216 B
1315 2182 1378 2236 grta,
1390 2175 1418 2221 et
1435 2168 1560 2224 carnium
1580 2169 1748 2227 edendarum
1771 2172 1836 2233 doto
1851 2172 1972 2241 licentia,
1993 2191 2102 2246 brow-

476 2264 569 2318 lrostes
593 2262 766 2332 impugnant,
792 2269 819 2316 et
843 2272 974 2331 superant
997 2263 1123 2319 inimicos
1140 2283 1147 2318 t
1163 2265 1190 2319 iu
1208 2281 1263 2336 qaia
1315 2267 1407 2312 tetttbl
1434 2257 1468 2313 od
1495 2259 1606 2316 bellum·
1627 2259 1662 2316 Et
1680 2261 1737 2318 dut
1759 2263 1871 2334 quidem
1894 2265 2038 2322 civitatem
2057 2282 2103 2324 ev·

475 2371 565 2426 pugna
580 2354 636 2409 dur
648 2362 725 2425 petra
747 2369 893 2423 percussus
911 2353 982 2410 duos
996 2354 1091 2412 devites
1102 2357 1203 2412 amisit.
1221 2357 1263 2411 nb
1315 2364 1450 2419 pugnans,
1467 2365 1527 2406 0³⁰¹
1545 2353 1661 2408 viriliter
1683 2353 1811 2420 ⁰b¹i¹¹¹¹ib
1826 2363 1855 2410 0¹
1868 2353 1926 2412 sere
1948 2370 2048 2414 omnes
2062 2373 2103 2413 to·

474 2447 540 2502 binc
550 2447 705 2502 duetoresa
719 2446 834 2499 soldano
847 2446 963 2516 delegati
983 2446 1120 2518 lugerent,
1136 2450 1262 2506 timentes
1313 2443 1398 2499 beilcs
1413 2445 1524 2500 occidit.
1537 2444 1687 2516 Imperator
1701 2462 1812 2520 quoquc
1826 2447 1883 2520 (bb)
1895 2449 1984 2506 lilium
1998 2452 2102 2510 suidam

474 2555 509 2596 nc
534 2540 647 2595 detectae
680 2539 786 2594 fraudis
814 2540 962 2609 imperatur
986 2539 1088 2596 iaceret
1115 2541 1260 2600 ultiunem.
1313 2547 1374 2606 [³0⁵1
1388 2545 1462 2609 letto
1482 2548 1649 2610 pugnantem
1666 2539 1743 2607 vicit,
1758 2555 1792 2597 ²0
1803 2555 1839 2597 01
1851 2541 1894 2598 058
1912 2542 2101 2601 indumentii-

472 2633 647 2689 Christianus
662 2648 726 2687 vcro
737 2633 874 2686 exercitus
890 2633 1010 2688 corrbsus
1026 2633 1053 2688 iu
1071 2632 1197 2702 Duraniuo,
1213 2637 1261 2708 (ptri
1313 2630 1365 2685 lem
1377 2630 1579 2687 mollitudinem
1600 2630 1747 2689 interiecit.

473 2728 587 2783 deduxit
598 2726 682 2782 lsrael
698 2741 746 2796 per
763 2727 914 2789 desertina,
932 2725 1088 2796 quindecim
1105 2728 1202 2784 diebus
1213 2745 1261 2799 per
1349 2721 1423 2779 Urbe
1441 2733 1520 2794 capta
1533 2734 1669 2796 potenter,
1684 2726 1817 2784 soldanus
1831 2741 1862 2785 se
1876 2728 1905 2785 iu
1918 2730 2099 2790 munitionen

472 2819 620 2891 quarudnm
644 2818 782 2890 planitiem
805 2833 978 2888 progressus,
1000 2833 1109 2874 caruem
1130 2820 1260 2890 equinam
1312 2816 1506 2884 fortissimam,
1520 2834 1581 2890 quae
1595 2829 1654 2875 crat
1671 2819 1699 2875 in
1714 2817 1798 2889 Urbe,
1815 2821 1965 2894 recipiens,
1979 2825 2101 2883 utimtad

472 2912 658 2966 comederunt.
686 2910 814 2980 agrestes
831 2926 894 2965 veru
909 2908 1002 2976 Terei,
1018 2911 1166 2980 dequibus
1189 2928 1260 2983 prae·
1312 2911 1507 2981 imperatorem
1519 2912 1624 2980 dicens,
1645 2928 1675 2968 se
1688 2912 1756 2970 velle
1770 2914 1861 2970 lorum
1876 2914 1954 2984 darc,
1975 2925 2007 2973 et
2023 2919 2100 2991 quid·

471 3005 604 3069 diximus,
621 3020 668 3059 eus
693 3006 765 3059 lame
784 3003 917 3059 deiecisse
934 3005 1043 3074 penitus
1058 3006 1259 3075 existimantes,
1311 3004 1376 3074 qtrid
1391 3004 1472 3060 vellrt
1492 2998 1638 3077 recipere(
1651 3003 1802 3077 imperator
1826 3006 1939 3064 obsides
1967 3010 2060 3080 petiit,
2075 3018 2100 3066 et

471 3115 568 3156 rursus
581 3101 608 3153 iu
626 3099 726 3153 bellum
742 3108 890 3168 assurgunt
914 3114 997 3169 prope
1010 3099 1148 3155 civitatem
1161 3099 1260 3157 Pbulo-
1311 3106 1422 3167 propter
1438 3097 1551 3154 lotorem
1572 3097 1737 3154 cadaverum
1751 3099 1840 3170 (erant
1868 3100 1943 3157 enirn
1961 3100 2064 3161 domus
2075 3111 2100 3160 et

471 3208 579 3248 menam
599 3207 697 3260 magna
718 3207 801 3246 uranu
824 3192 940 3246 militum
958 3191 1115 3262 peditunrre
1138 3203 1258 3260 caterva,
1310 3192 1362 3245 ria,
1375 3191 1557 3248 collateribus
1579 3193 1677 3263 pleuae)
1691 3193 1726 3248 ab
1742 3191 1815 3249 Urbe
1829 3191 2044 3253 descendensin
2056 3211 2100 3268 pe

469 3302 542 3356 quos
575 3285 774 3340 invictissimus
804 3285 954 3356 eumer-arur
983 3285 1094 3340 devicit.
1129 3284 1164 3340 Et
1195 3302 1258 3340 carra
1311 3281 1418 3336 nroeriis
1432 3291 1643 3338 castrametatus
1656 3292 1708 3338 est.
1721 3281 1800 3339 Dedit
1812 3284 2099 3356 itaquesoldanasob·

470 3378 589 3434 maxima
610 3377 757 3432 multitudo
782 3392 812 3433 se
837 3377 864 3432 iu
888 3377 1006 3446 quadam
1021 3379 1148 3432 clanstro
1171 3379 1258 3434 auaui
1311 3372 1393 3440 sides,
1414 3373 1488 3428 dedit
1510 3382 1538 3429 et
1558 3373 1648 3429 lorum
1665 3383 1692 3430 et
1718 3374 1845 3431 victualia
1870 3390 2020 3448 equorum.
2049 3375 2098 3434 Sed

470 3471 648 3542 recepissent,
665 3470 877 3525 combusserunt
892 3468 1035 3525 Teutonici
1052 3470 1210 3538 urrircrsns;
1232 3481 1259 3527 et
1311 3467 1440 3537 quoniam
1454 3481 1541 3537 equos
1555 3467 1613 3538 ipse
1626 3467 1742 3522 nimium
1758 3483 1837 3524 caros
1857 3468 1978 3526 vendere
1994 3479 2098 3542 satage·

468 3576 572 3619 eatttnc
594 3573 715 3634 agrestes
730 3562 767 3616 illi
785 3560 970 3616 Tureumauui
987 3578 1041 3617 nou
1057 3561 1169 3617 luerunt
1182 3580 1260 3618 exer·
1311 3558 1368 3623 bol·
1383 3573 1484 3627 eilllbbl
1499 3573 1548 3628 {³¹¹⁰
1563 3566 1674 3614 cebium
1689 3558 1811 3614 marchis
1832 3557 1961 3616 videlieet
1984 3560 2098 3619 offeren-

469 3658 554 3713 citnm
570 3657 686 3712 ulter-ius
700 3655 836 3725 perscemi
857 3656 925 3724 (35).
942 3653 995 3709 Sed
1016 3655 1159 3710 atterente
1175 3655 1258 3711 liele-
1312 3659 1362 3713 tes,
1380 3649 1567 3707 aterrtonleis
1584 3661 1697 3707 econtra
1714 3652 1807 3708 dolum
1830 3652 1894 3708 dolo
1915 3668 2098 3726 compensan-

468 3752 560 3806 ctinus
574 3749 681 3806 soldani
697 3748 771 3802 silius
793 3749 866 3802 seuit
883 3747 991 3801 obviam
1008 3763 1070 3801 curu
1086 3749 1218 3813 exercitu,
1232 3757 1260 3804 et
1311 3745 1383 3798 tibus
1397 3761 1446 3814 pru
1460 3745 1571 3800 nictelia
1592 3744 1740 3801 Ferronem
1758 3746 1937 3818 recipiebant·
1957 3747 2039 3816 011οἅ
2052 3765 2098 3805 ²¹¹·

470 3843 504 3898 ad
517 3843 710 3912 imperatorem
727 3842 801 3895 irrisit
824 3839 947 3902 nuutios,
962 3838 1079 3893 diceus:
1098 3838 1258 3894 iteret-ure.-
1310 3836 1387 3889 dirns
1404 3837 1544 3903 suldanus,
1557 3839 1633 3893 misit
1655 3839 1689 3894 ad
1706 3839 1899 3910 imperatorem
1914 3856 2096 3912 corrquercus,

468 3935 532 4005 quid
547 3934 618 3988 eninr
632 3934 718 4003 fucere
734 3941 823 4003 pratos,
849 3947 908 3984 cum
935 3929 1046 3984 ltobeom
1060 3929 1139 4000 plura
1161 3932 1259 3986 resilio
1309 3933 1381 4000 arram
1397 3931 1438 3986 sui
1451 3934 1538 4002 pretio
1558 3933 1759 4003 deciperentur.
1780 3934 1830 3990 Cui
1856 3936 2003 4006 respoudit
2016 3935 2098 4007 impe⁴

467 4043 548 4097 quom
563 4037 592 4080 tu
610 4026 730 4079 utiliter?
744 4023 778 4078 Et
796 4040 858 4078 curn
879 4024 1048 4093 pervenisset
1062 4023 1209 4093 imperatur
1222 4023 1257 4079 ed
1309 4035 1385 4079 ratur
1397 4042 1405 4079 ι
1417 4023 1447 4078 st
1459 4025 1554 4079 boream
1562 4027 1753 4097 [eruardurent
1764 4027 1859 4082 burrum
1872 4030 2023 4100 acciperent
2034 4045 2098 4085 taar-

468 4119 614 4189 ‹prcmdam
631 4126 741 4189 pontem
754 4115 835 4171 'lurni
851 4116 1054 4186 supernatante
1066 4126 1186 4173 etrctro.
1203 4117 1257 4173 Sed
1310 4116 1551 4173 clueanllonstituti
1560 4127 1624 4174 sunt
1635 4118 1859 4190 igiturbincinde
1867 4120 2015 4190 justitiarii
2026 4132 2097 4178 tata·

467 4215 523 4268 dum
539 4213 691 4268 anteriores
706 4211 818 4274 devicit,
838 4219 866 4265 et
882 4211 1031 4280 imperatur
1047 4212 1212 4281 posteriores
1228 4212 1256 4266 in

467 4315 546 4377 parte
561 4305 681 4360 maxima
706 4303 856 4369 inter·leeit;
873 4311 901 4358 et
922 4303 963 4358 sic
987 4313 1096 4373 pontem
1119 4305 1256 4360 exercitus

467 4398 646 4470 pertransivit
667 4399 822 4452 universus.
839 4395 953 4450 Demum
969 4397 1088 4451 unanima
1105 4407 1132 4451 et
1149 4398 1255 4452 irrsrnita

467 4490 621 4546 'lurcorum
635 4488 781 4544 multitudo
795 4504 829 4542 ex
849 4488 923 4542 omni
941 4499 1018 4558 parte
1035 4489 1162 4544 circuunt
1177 4506 1256 4544 erer-

468 4588 553 4642 citum
568 4584 800 4649 Christianorum,
827 4580 863 4636 ita
879 4583 952 4652 quod
969 4582 1059 4636 curado
1077 4600 1125 4652 per
1137 4593 1256 4654 ‹pratuor

504 4720 562 4793 (bl)
579 4719 668 4776 Coelen
692 4717 808 4771 Esteusis
822 4732 831 4768 :
847 4715 1013 4785 inspiratus,
1035 4726 1083 4770 aut
1102 4717 1166 4786 ‹prria
1186 4718 1255 4773 iorte

468 4793 495 4848 iu
507 4801 665 4847 nostrorum
683 4803 781 4842 marrus
804 4787 944 4851 inciderat,
965 4797 1038 4841 rrrelu
1054 4791 1150 4842 mortis
1169 4790 1255 4859 impe-

469 4873 587 4918 ratorem
601 4861 677 4926 adiit,
692 4869 744 4914 etr.

503 4933 559 5003 (55)
572 4931 661 4988 certer
677 4929 794 4984 Estensir
812 4944 822 4984 .·
837 4925 889 4980 Sed
910 4926 1067 4982 deiecerunt
1082 4947 1096 4983 a
1112 4927 1181 4985 lacic
1204 4932 1255 4983 iar-

467 5005 604 5075 peratoris
620 5004 692 5057 sicut
704 5002 803 5070 pulris,
826 5013 907 5067 sperem
925 4999 1033 5067 prtrjicit
1049 5009 1145 5055 ventris
1158 5017 1173 5054 a
1186 5000 1255 5055 lneie

467 5086 555 5130 tetum.
571 5072 650 5127 Atttru
666 5071 772 5125 [lumini
791 5070 868 5131 libo,
881 5066 1041 5124 blelicltiuus
1061 5070 1166 5124 soldani
1183 5075 1254 5126 lilius

468 5146 542 5200 teuit
558 5144 667 5197 obviam
683 5157 745 5197 cum
767 5139 887 5196 exercitu
909 5141 1118 5209 quitrgeutorurn
1138 5144 1253 5197 vrrillinru

466 5230 612 5285 cquurum,
626 5222 653 5267 rt
665 5213 710 5278 ad,
724 5222 777 5267 etc.
899 5206 905 5229 ’

503 5285 560 5355 (56)
574 5284 662 5339 Cortex
679 5283 796 5336 Esterrsis
809 5298 818 5335 .·
833 5281 860 5336 lu
880 5281 964 5334 lilium
988 5283 1091 5337 soldani
1107 5293 1166 5353 pust
1178 5293 1253 5354 terga

467 5364 632 5427 pugnantem
650 5354 776 5408 victrices
787 5353 893 5424 aquilas
904 5353 1034 5424 dirigens,
1051 5355 1177 5423 predicta
1190 5360 1252 5408 rud-

468 5429 502 5481 lia
514 5425 669 5481 'lurcorum
683 5438 710 5478 et
725 5422 746 5476 T
751 5436 981 5478 ttrcourarmururn
1009 5427 1212 5490 exterurinavit,
1226 5435 1253 5481 et

466 5499 625 5563 excis,ctc.

503 5568 559 5638 (bip
574 5567 662 5622 Codes
680 5563 798 5623 Esteusis
820 5581 830 5618 .·
850 5564 998 5636 Quousque
1017 5566 1051 5620 od
1079 5564 1252 5621 Laurcrulam

465 5640 614 5703 etrltatem,
629 5653 690 5706 epure
703 5638 798 5692 dividit
812 5639 968 5691 nutriendam
983 5654 997 5692 a
1014 5636 1160 5708 chauttia,
1177 5647 1203 5691 et
1217 5640 1250 5691 ad

465 5709 602 5764 Arrueuiae
618 5717 745 5762 nrorrtaua
769 5711 900 5776 pervenit,
927 5710 971 5762 ubi
999 5709 1087 5762 noem
1102 5709 1253 5764 conticinio

409 5826 411 5831 .
465 5781 577 5835 auditur
589 5793 622 5832 er
640 5778 788 5848 improvisu
803 5794 942 5832 armorum
959 5781 1088 5848 strepitus
1100 5791 1127 5833 et
1150 5779 1253 5833 tumul·

466 5859 511 5905 tus
528 5850 596 5920 :qui
614 5865 676 5904 cum
702 5850 794 5903 nullus
815 5849 920 5914 luisset,
947 5850 1010 5903 inde
1033 5851 1251 5918 corrjecturatum

465 5928 508 5975 est
521 5921 604 5974 vicini
618 5920 763 5990 augurium
787 5920 940 5974 irrlortuuii.
956 5918 985 5973 lu
1007 5922 1145 5975 nomnibus
1160 5930 1251 5974 autent

464 5992 601 6046 Armeniae
612 5989 723 6045 Graecos
737 6001 764 6046 et
777 5991 910 6045 Arulenus
932 5991 1033 6044 iut'enit
1047 5991 1135 6045 lurum
1151 5993 1251 6045 alacri-

465 6070 507 6116 ter
519 6060 690 6116 exhibentes.
708 6060 776 6115 dum
791 6062 824 6116 ad
838 6077 918 6116 arares
935 6061 1057 6117 Saladiui
1070 6063 1112 6116 bn
1130 6062 1252 6117 victorie

466 6132 665 6204 pervenissent,
694 6134 818 6203 expavit;
843 6143 869 6189 ct
889 6133 932 6189 die
961 6130 1062 6188 Sarute
1076 6130 1249 6189 Pentecostes

1310 4217 1393 4264 tores.
1410 4208 1451 4264 ad
1469 4210 1527 4265 baec
1554 4213 1707 4280 procedens
1730 4209 1907 4269 Christianus
1931 4215 2095 4272 exercituta

1309 4300 1473 4369 quibusdam
1498 4301 1652 4371 agrestibus
1666 4300 1878 4369 Trrrecmaunis,
1892 4302 1941 4375 qui
1963 4318 2021 4360 non
2036 4310 2096 4362 sut

1309 4391 1342 4446 de
1369 4401 1501 4462 potestate
1530 4394 1653 4455 soldani.
1683 4394 1784 4449 trinitas
1804 4395 1918 4464 pertulit
1946 4397 2095 4463 molestias,

1307 4485 1522 4557 qurrrrsqrroffii)
1539 4485 1572 4540 ad
1591 4486 1727 4542 arrneniae
1754 4496 1885 4543 montana
1914 4488 2094 4558 pervcnioln

1308 4579 1447 4635 arroartibus
1460 4588 1551 4634 autem
1572 4579 1709 4634 llrmcuiae
1722 4577 1833 4636 Graecos
1848 4592 1876 4635 ct
1901 4580 2043 4640 Armenoc
2060 4583 2095 4638 in·

1308 4717 1454 4773 Saladinus
1466 4733 1528 4772 cum
1543 4697 1741 4773 tantasuorum
1762 4716 1939 4775 multitudine
1951 4728 2061 4778 nomes
2071 4728 2095 4775 et

1307 4790 1391 4846 colles
1407 4798 1435 4843 et
1449 4788 1587 4857 planitiem
1597 4788 1767 4860 operientes,
1788 4797 1891 4859 natanta
1905 4804 2047 4860 transnatare
2060 4791 2096 4846 si·

1270 4860 1364 4920 Dnrtrl
1383 4860 1503 4915 creditur
1527 4861 1697 4930 apparuisse,
1716 4859 1888 4916 Christianos
1913 4869 2044 4930 potente
2056 4860 2095 4917 ia·

1307 4933 1387 4995 rasit,
1399 4945 1512 4999 sperans
1527 4931 1620 4985 orneria
1632 4929 1749 4984 tentoria
1761 4945 1907 5002 usurpare,
1921 4938 1952 4986 et
1962 4929 2097 4989 curtum

1308 5017 1358 5057 nos
1370 5002 1487 5054 miseros
1507 5002 1656 5070 captivare.
1678 4999 1730 5056 Sed
1746 5000 1858 5056 evanuit
1880 4999 2094 5086 cogitatlosjus,

1306 5071 1533 5143 ‹priaClrristiani
1562 5072 1676 5126 viriliter
1704 5071 1874 5138 resistentes,
1898 5085 1924 5127 et
1955 5071 2095 5128 latium

1307 5157 1435 5212 rrragrram
1452 5157 1499 5210 per
1513 5141 1625 5197 balistas
1643 5156 1702 5197 nou·
1721 5143 1855 5196 modicam
1869 5142 2039 5214 intulerunt,
2050 5141 2096 5199 ik·

1305 5214 1372 5270 dens
1388 5214 1479 5282 itaque
1490 5211 1636 5267 Saladimrs
1650 5223 1777 5283 magnam
1792 5213 1932 5266 exereitus
1945 5211 2095 5283 parternal

1307 5286 1488 5339 resistendum
1504 5282 1830 5352 inrperatoritransmisit.
1844 5280 1908 5344 Sed.
1923 5282 1990 5338 beu!
2004 5283 2095 5354 pauci

1305 5355 1402 5409 diebus
1415 5353 1526 5422 elapsis,
1542 5365 1569 5408 ct
1581 5369 1656 5408 murs
1675 5353 1851 5424 imperatoris
1865 5354 2000 5420 innotuit,
2012 5362 2042 5409 et
2054 5367 2095 5409 ra·

1306 5441 1366 5479 num
1378 5424 1617 5493 supervenieusde
1637 5432 1724 5479 morte
1737 5421 1822 5479 Siculi
1846 5424 1921 5494 repis
1943 5423 2092 5481 uanitate

1304 5496 1490 5551 Christianum
1518 5495 1666 5564 plurimum
1681 5493 1865 5550 conturbavit.
1891 5492 1932 5550 lle
1955 5488 2092 5551 nonme

1304 5565 1451 5635 imperator
1466 5565 1643 5631 descendens,
1661 5563 1901 5637 Saieplryssuviutu
1915 5570 2034 5636 reperit,
2049 5576 2092 5635 per

1304 5640 1383 5706 cnjus
1398 5637 1483 5705 ripam
1502 5636 1611 5691 duobus
1631 5636 1728 5693 diebus
1748 5648 1922 5707 progressus,
1940 5636 2025 5692 tertia
2037 5634 2091 5691 luo

1305 5708 1430 5776 pausavit
1443 5708 1469 5760 in
1483 5707 1551 5761 locis
1565 5707 1692 5762 auroenis.

1415 5799 1452 5853 lle
1467 5811 1550 5855 nrurte
1563 5801 1730 5872 imperatoris
1748 5799 1885 5856 frederici
1897 5801 1996 5871 primi.

1339 5915 1445 5971 Etcum
1462 5927 1535 5971 essct
1547 5926 1632 5972 aestus
1642 5931 1758 5986 magnus
1772 5917 1862 5984 valde,
1879 5913 2088 5988 imperator*

1304 5989 1410 6043 scendit
1422 5990 1449 6041 lu
1466 5988 1566 6043 buaren
1578 6004 1641 6042 cum
1655 5987 1764 6044 duobus
1775 5988 1922 6053 militibus.
1936 6002 1969 6045 so
1981 5984 2087 6067 capis?

2136 5804 2140 5904 l

2135 5946 2140 5983 t

2134 6012 2140 6061 Ι

1305 6060 1445 6113 balneare.
1471 6060 1595 6129 Cumque
1617 6069 1721 6113 natare.
1738 6059 1869 6131 coepissct
1894 6058 2085 6141 impinguata
2133 6086 2140 6125 t

1305 6131 1448 6201 scopulum
1463 6138 1582 6185 natarum
1603 6129 1843 6187 viromanniae
1863 6129 2003 6188 militibus
2014 6128 2086 6203 ipsu
2132 6156 2140 6193 ι

2132 6225 2140 6248 .
