5125 7059
339 702 395 762 ωε,
927 685 1090 744 tttsrunts
1109 679 1354 740 stetonvstbvt.
1907 662 1959 730 dlii

341 823 447 880 scilicet
468 819 503 874 ll.
517 818 654 874 liebertus
669 815 703 870 de
714 813 863 876 Coreeone,
880 807 906 863 in
933 808 1055 878 partibus
1080 805 1129 859 Po
1142 810 1165 862 Α
1178 799 1275 855 modas
1291 813 1395 868 guerra
1407 797 1594 864 necessitates,
1610 797 1646 852 ibi
1661 805 1768 868 poterat
1784 795 1874 851 lacere
1888 797 1960 851 mul-

341 913 485 968 diensibus
520 907 685 980 quibusdam
724 909 784 957 crat
816 896 932 968 negotiis
967 902 1126 964 occupatus.
1179 890 1961 962 tesdies,dietampuellamduritsccumCav·cassonanv;

343 1005 632 1070 luavrcrscemesqnea
646 991 896 1064 lloruepessulano,
910 989 1129 1057 venimuspropo
1180 984 1272 1054 ibique
1295 983 1405 1039 lucrvmt
1425 987 1525 1056 nuptiae
1548 987 1701 1042 celebrata.
1725 986 1864 1059 Peregrini
1887 1007 1962 1057 vero,

342 1096 470 1153 biterrim
484 1093 517 1148 ad
531 1099 652 1146 castrum
670 1085 699 1141 S.
712 1084 831 1151 ’liberii;
847 1083 939 1152 ibique
953 1079 1072 1135 occumit
1084 1093 1131 1132 no·
1179 1079 1226 1149 qui
1237 1079 1294 1148 iam
1310 1079 1383 1134 diua
1397 1080 1565 1136 carcassona
1589 1084 1724 1150 exierant,
1745 1097 1771 1139 et
1784 1085 1840 1154 jam
1857 1087 1963 1156 episeo-

343 1188 502 1246 bisnobilis
516 1200 610 1241 comes
623 1178 805 1236 ilovuislortis
818 1198 824 1233 :
837 1191 949 1232 eramus
964 1183 1129 1239 autem,tam
1179 1181 1272 1241 patum
1299 1172 1467 1229 intraverant
1480 1173 1701 1241 cadurcensem,
1729 1185 1816 1233 terras
1842 1178 1965 1234 bostium

343 1283 452 1352 equites
464 1294 547 1350 quam
566 1275 684 1348 pedites,
698 1275 807 1330 circiter
818 1279 928 1327 eentum
946 1268 1030 1323 millia
1054 1281 1131 1336 pere·
1180 1263 1253 1329 bilei,
1273 1279 1336 1334 qnae
1361 1265 1458 1320 timore
1482 1281 1576 1320 eorum
1599 1277 1676 1322 erant
1701 1267 1837 1324 derelictae
1861 1286 1966 1337 vacuae,

344 1375 429 1447 gdni,
443 1375 515 1428 inter
531 1385 603 1441 quos
618 1384 690 1423 varrus
704 1368 738 1422 de
751 1363 884 1421 militibus
896 1369 955 1417 erat
978 1361 1131 1415 vicecomes
1181 1364 1367 1411 vastaverunt.
1394 1354 1450 1412 Nec
1473 1358 1690 1427 praetereundum
1722 1370 1764 1417 cst
1790 1363 1880 1432 quod,
1903 1379 1968 1421 cum

344 1466 431 1522 castri
446 1461 594 1526 buriensis,
616 1461 762 1531 pluresque
781 1455 827 1511 alii
851 1454 961 1516 milites,
983 1465 1053 1522 qnos
1076 1465 1131 1504 non
1182 1448 1362 1504 transiremus
1385 1463 1433 1519 per
1457 1452 1642 1521 episcopatum
1669 1453 1865 1522 lluteaensem,
1889 1458 1967 1513 veni.

345 1570 390 1615 est
413 1575 482 1629 opus
499 1572 547 1626 per
570 1553 694 1622 singulos
720 1565 876 1605 numerare.
892 1544 1099 1614 progredientes
1116 1558 1131 1596 a
1183 1542 1294 1595 musal
1317 1543 1452 1611 quoddam
1473 1552 1604 1611 castrum,
1625 1548 1697 1616 qnod
1714 1547 1902 1605 llauriliaeum
1919 1569 1968 1608 vo-

347 1651 474 1721 partibus
487 1645 690 1702 biterrensibus
708 1642 834 1697 venimus
856 1641 1067 1701 Carcassouam,
1084 1634 1134 1690 ibi·
1183 1642 1275 1697 catnr;
1296 1633 1333 1688 illi
1358 1644 1449 1689 autem
1468 1635 1502 1690 dc
1523 1646 1613 1691 castro
1639 1640 1784 1721 voluerunt
1799 1643 1878 1698 nobis
1900 1643 1969 1700 resi·

346 1759 403 1814 quc
426 1740 542 1796 lecimus
560 1753 663 1809 paucus
688 1735 759 1792 dies.
782 1734 946 1789 Notabiliter
968 1740 1060 1786 autem
1086 1744 1135 1783 nn-
1184 1733 1265 1790 stere,
1286 1726 1349 1795 quia
1363 1725 1438 1780 mirae
1453 1726 1620 1785 fortitudinis
1636 1742 1695 1784 erat
1708 1744 1829 1787 castrum
1845 1745 1872 1790 et
1892 1737 1970 1806 peni·

346 1834 463 1890 tandem
479 1842 531 1896 est,
544 1841 571 1886 ct
588 1847 637 1901 pro
653 1828 787 1885 miraculo
805 1828 852 1882 illo
869 1834 911 1881 est
934 1823 1076 1881 habendus
1095 1829 1135 1876 to·
1183 1826 1229 1871 tus
1253 1816 1450 1873 inaccessibile.
1477 1817 1541 1874 Erat
1567 1831 1658 1876 autem
1679 1824 1705 1877 in
1729 1827 1849 1882 exercitu
1875 1841 1970 1884 nostro

347 1934 393 1980 tus
411 1925 481 1978 illius
496 1923 560 1977 anni
573 1930 697 1984 eventus,
710 1920 782 1974 sient
794 1914 1134 1988 supradiximus;quamlo
1185 1913 1315 1984 magister
1338 1912 1475 1970 Robertus
1500 1916 1534 1970 de
1558 1916 1697 1974 Corcconc
1721 1923 1878 1990 apostolieae
1897 1927 1971 1981 sedis

347 2018 426 2072 venit
451 2032 534 2086 supra
563 2023 731 2069 memoratus
757 2010 854 2067 Petrus
880 2009 1087 2064 Beneventanus
1106 2005 1133 2058 in
1185 2005 1302 2075 legatus,
1328 2006 1362 2061 dc
1382 2020 1438 2077 qun
1460 2021 1543 2077 supra
1571 2011 1722 2081 tetigimus,
1742 2015 1789 2084 qui
1813 2018 1971 2085 nuperrime

348 2119 452 2164 terram
477 2107 662 2177 Albigcnsem,
679 2104 896 2175 Arragonenscs,
919 2100 1135 2156 dativalonenses
1185 2106 1297 2152 venerat
1316 2113 1331 2152 a
1349 2099 1473 2168 partibus
1497 2098 1664 2158 Gallicanis:
1682 2121 1744 2160 mox
1767 2111 1854 2163 nostri
1876 2112 1903 2165 in
1919 2127 1972 2168 suo

348 2210 430 2256 eranr
450 2199 585 2255 Narbonae
608 2197 764 2270 crrvrgregati
780 2206 874 2251 curura
898 2192 1136 2250 Cirristianitatcm
1186 2189 1303 2245 adventu
1327 2203 1500 2248 accesserunt
1516 2194 1550 2248 ad
1573 2204 1693 2251 castrum
1714 2208 1740 2253 et
1764 2212 1904 2270 coepernnt
1923 2205 1973 2259 bav-

348 2305 376 2350 et
396 2295 523 2349 comitem
550 2291 740 2360 llnrnisiortis,
756 2299 784 2345 et
798 2290 849 2344 bac
866 2289 900 2343 de
915 2301 1019 2344 causa:
1044 2298 1137 2342 eomes
1186 2293 1242 2339 stes
1255 2297 1322 2339 suos
1335 2284 1436 2340 acriter
1446 2286 1617 2358 impugnare.
1632 2287 1760 2346 videntes
1773 2294 1810 2347 illi
1825 2295 1858 2349 de
1868 2307 1971 2363 castro,

349 2396 446 2444 noster
469 2396 527 2442 erat
560 2402 644 2457 prope
674 2383 842 2449 Narbonam,
863 2397 913 2437 nec
938 2395 1009 2450 saepe
1030 2384 1138 2449 poterat
1186 2374 1260 2445 quod
1275 2375 1394 2444 amplius
1417 2379 1544 2433 resistere
1565 2395 1620 2435 nun
1646 2382 1776 2449 valerent,
1798 2387 1975 2446 reddiderunt

349 2481 490 2550 elongare,
509 2479 575 2549 qnin
593 2479 685 2533 lvostes
709 2476 801 2532 statim
822 2484 906 2529 totam
930 2481 1030 2527 terram
1049 2470 1075 2524 iu
1087 2468 1139 2524 cir·
1187 2480 1218 2521 se
1233 2466 1291 2535 ipsa
1305 2466 1349 2521 die
1361 2467 1460 2538 legato,
1474 2470 1508 2526 ad
1522 2470 1609 2540 ipsius
1623 2477 1773 2544 peremnia
1788 2480 1973 2551 voluntatem;

351 2573 429 2627 cuitu
443 2572 628 2626 devastarent.
648 2568 701 2624 Sed
716 2579 743 2623 et
757 2567 898 2632 Tolosani,
918 2574 946 2621 er
966 2568 1139 2634 arragonen·
1188 2558 1276 2613 nostri
1299 2574 1363 2614 vero
1381 2559 1415 2614 de
1435 2562 1576 2619 voluntate
1599 2565 1691 2634 legati,
1719 2579 1839 2627 castrum
1865 2577 1975 2644 penitus

352 2680 398 2719 ses
414 2672 442 2718 ct
455 2662 646 2718 cadurcenses
662 2679 676 2716 a
692 2661 806 2717 remotis
821 2659 945 2730 partibus
956 2656 1102 2713 movebant
1113 2652 1139 2708 ei
1188 2651 1392 2709 destruxerunt.

351 2771 468 2827 guerras
490 2756 606 2810 multum
630 2767 737 2824 grares.
754 2751 824 2806 llum
841 2753 869 2807 in
888 2751 940 2806 bac
961 2750 1139 2806 tribulatione
1223 2742 1279 2800 Nec
1294 2747 1428 2802 silendum
1442 2749 1515 2819 quod
1529 2749 1567 2806 ibi
1581 2751 1737 2811 invenimus
1752 2766 1853 2826 septem
1868 2759 1976 2817 lvaereti·

351 2860 426 2903 esset
440 2848 542 2902 atbleta
563 2847 678 2913 Christi,
692 2862 745 2900 non
758 2845 845 2901 deluit
855 2845 965 2914 adjutor
991 2844 1017 2897 in
1041 2860 1140 2915 oppor·
1190 2854 1238 2894 cos
1262 2840 1296 2894 de
1318 2851 1391 2897 secta
1407 2842 1453 2896 illa
1468 2858 1529 2914 quae
1549 2843 1737 2903 waldensium
1762 2850 1913 2918 dicebatur,
1929 2858 1976 2926 qui

351 2938 528 3003 tvnvitatibus,
541 2939 567 2991 in
583 2938 760 2992 tribulatione
773 2935 861 3007 (Paul.
876 2937 927 3003 tv),
944 2935 971 2989 in
986 2950 1040 2989 uno
1053 2935 1141 3005 siqui·
1189 2933 1225 2987 ad
1244 2931 1362 3004 legatum
1385 2934 1507 3001 adducti,
1528 2952 1607 2993 suam
1628 2939 1844 2998 incredulitatem
1869 2945 1978 3015 plenius

352 3033 416 3084 dem
432 3031 564 3086 etendevn
577 3029 895 3102 temporisspatiovenit
917 3029 1048 3098 legatnsa
1063 3027 1140 3083 curia
1190 3033 1255 3079 sunt
1280 3025 1399 3081 conlessi
1418 3045 1424 3082 :
1449 3043 1519 3098 quos
1547 3032 1632 3086 nostri
1656 3034 1819 3104 arripientes
1840 3040 1977 3110 peregrini

357 3122 493 3190 Romana,
517 3131 649 3179 venerunt
670 3121 818 3176 arranem
837 3120 983 3191 peregrini.
1004 3117 1141 3189 Omagna
1189 3130 1252 3170 eum
1276 3115 1378 3187 ingenti
1395 3119 1494 3190 gaudio
1513 3122 1734 3180 combusserunt.
1748 3125 1813 3183 Post
1832 3128 1889 3185 baec
1906 3146 1978 3185 vrun-

354 3216 502 3270 mnltitudo
527 3214 724 3270 misericordia
748 3212 808 3277 Dei,
830 3227 882 3267 nee
903 3211 976 3266 enim
994 3209 1140 3280 peregrini,
1190 3209 1287 3266 tiatum
1299 3219 1342 3264 est
1351 3211 1445 3266 comiti
1458 3224 1551 3270 nostro
1565 3217 1638 3286 quud
1652 3219 1762 3288 qnidam
1779 3221 1879 3277 milites
1891 3224 1978 3294 Agin-

354 3307 427 3361 sicnt
452 3307 545 3362 multis
566 3306 655 3362 risum
670 3316 721 3373 est,
745 3306 805 3361 sine
821 3304 912 3376 legato
923 3303 1027 3375 aliquid
1049 3308 1141 3371 magm
1190 3315 1301 3366 nenses,
1315 3301 1362 3372 qui
1379 3304 1542 3372 precedenti
1562 3322 1636 3363 anrvo
1656 3309 1690 3364 ab
1714 3311 1773 3380 ejus
1796 3313 1918 3371 dominio
1932 3331 1978 3371 re.

354 3401 496 3465 iecissent,
523 3415 573 3455 nec
594 3401 700 3471 legatus
729 3401 789 3455 sine
817 3398 969 3469 peregrinis
990 3397 1058 3452 adeo
1082 3411 1142 3466 pru-
1190 3403 1340 3462 cesserant,
1363 3407 1485 3453 castrum
1507 3401 1646 3470 quoddam
1666 3417 1831 3473 munierant,
1853 3411 1968 3479 qnoddi

355 3491 484 3557 iecisset;
499 3493 521 3547 si
540 3493 612 3547 enim
628 3475 721 3547 nostes
735 3492 798 3546 bdei
814 3507 869 3546 non
884 3492 1012 3546 timerent
1023 3490 1141 3561 peregri·
1153 3494 1177 3555 c
1191 3487 1263 3542 citur
1277 3484 1473 3558 llonsplsatus.
1491 3489 1562 3557 Quid
1577 3492 1674 3564 plura?
1687 3498 1854 3553 accessimus
1867 3500 1900 3555 ad
1913 3502 1979 3557 illud

354 3600 419 3650 nns,
437 3599 493 3637 narr
506 3583 665 3638 obedissent
680 3583 787 3653 legato;
801 3596 898 3637 rursus
913 3580 936 3637 si
957 3596 1011 3636 non
1023 3580 1144 3634 venisset
1193 3579 1392 3649 obsidendum;
1411 3587 1553 3655 praenotati
1570 3602 1635 3643 vern
1650 3591 1750 3647 milites
1766 3594 1799 3647 de
1812 3593 1979 3664 lloutepisa·

355 3677 474 3748 legatus,
492 3676 629 3748 peregrini
651 3676 698 3747 qui
716 3684 782 3731 tunc
797 3685 941 3740 venerunt,
955 3683 1049 3728 contra
1064 3680 1104 3728 tot
1116 3679 1145 3727 et
1194 3679 1231 3736 to,
1254 3674 1396 3730 audientes
1420 3676 1567 3734 adventum
1592 3684 1856 3756 crucesignatorum,
1883 3690 1981 3745 tinrms

354 3780 448 3824 tantos
463 3769 557 3823 bostcs
570 3783 668 3838 pavum
681 3766 813 3837 prolicere
824 3766 987 3836 potuissent.
1004 3763 1065 3835 Egit
1078 3780 1143 3837 ergo
1193 3763 1267 3819 ducti
1283 3764 1419 3837 ingerunt,
1436 3781 1557 3826 castrum
1569 3789 1685 3829 vacuum
1697 3776 1874 3845 dimittentes,
1891 3782 1980 3837 nostri

355 3861 573 3916 arrisericnrditcr
587 3861 679 3914 divina
695 3860 891 3929 dispositio,ut
902 3859 967 3914 dum
981 3859 1085 3929 legatus
1098 3859 1145 3913 bo·
1193 3871 1259 3911 vero
1279 3859 1419 3914 venientes
1432 3861 1466 3916 ad
1481 3873 1614 3932 castrum,
1629 3867 1695 3922 illud
1713 3871 1821 3938 penitus
1838 3873 1982 3928 destruxe-

356 3965 412 4008 strs
425 3952 553 4022 fidei,qni
566 3951 701 4007 Narbona
711 3961 790 4007 eram
803 3952 974 4023 congregati,
985 3950 1107 4006 alliceret
1117 3960 1145 4006 et
1194 3957 1268 4003 runt.
1285 3947 1397 4006 llovens
1418 3967 1512 4009 comes
1536 3963 1630 4011 noster
1651 3957 1873 4030 allontrpisato,
1899 3963 1983 4035 coepit

346 4055 547 4116 'ermapcsceret
559 4044 656 4100 iraude
669 4047 725 4116 pia,
742 4061 835 4101 comes
848 4043 1030 4101 llontislortis
1041 4057 1069 4099 ev
1088 4060 1146 4114 per·
1195 4037 1310 4096 ulterius
1326 4044 1452 4112 progredi
1473 4060 1520 4115 per
1540 4048 1726 4119 episcopatum
1748 4052 1931 4122 aginnensem
1952 4069 1982 4113 ut

357 4141 447 4210 egrini
464 4141 511 4211 qui
527 4149 686 4194 venerauta
702 4138 830 4206 Francia,
853 4148 965 4210 possent
976 4138 1093 4193 transire
1110 4137 1144 4191 nd
1195 4141 1283 4188 castra
1299 4148 1360 4203 quae
1374 4135 1536 4205 precedenti
1559 4154 1632 4194 anno
1650 4158 1665 4195 a
1688 4158 1739 4198 suo
1753 4145 1875 4200 dominio
1888 4164 1982 4206 reces-

357 4246 451 4306 panes
471 4233 665 4291 cadurcenses
686 4243 714 4290 οι
727 4233 909 4304 emensas,
933 4242 960 4288 er
986 4248 1063 4299 suos,
1089 4232 1146 4288 imo
1196 4235 1289 4280 serant
1299 4236 1448 4296 occuparer
1463 4246 1471 4284 τ
1488 4242 1585 4286 omnes
1605 4244 1695 4287 autern
1718 4236 1867 4292 adversarii
1883 4240 1982 4296 timore

357 4327 473 4394 cinisii,
499 4328 659 4397 impugnare
687 4325 827 4381 inimicos.
850 4322 968 4396 Olegati
985 4323 1061 4379 lraus
1078 4323 1144 4395 piat
1196 4317 1282 4386 ducti,
1299 4330 1445 4388 antequam
1467 4336 1560 4378 eonves
1583 4326 1723 4382 accederet
1738 4329 1770 4382 ael
1788 4345 1836 4385 eos
1856 4332 1981 4387 reddide-

357 4421 480 4490 0pietas
494 4417 681 4475 fraudulenta!

623 4553 738 4611 carbr
756 4555 876 4612 txxtlt.

358 4665 448 4721 Gaido
465 4666 499 4720 de
514 4665 668 4736 lienteiorti
687 4677 712 4721 et
734 4668 863 4736 peregrini
885 4676 969 4722 terras
998 4666 1101 4722 liuterii
1114 4669 1147 4722 de

506 4735 670 4792 Castranaque
678 4737 806 4791 intendant
814 4747 839 4792 ct
853 4738 1001 4793 devastant.

1196 4420 1261 4464 runt
1273 4426 1303 4465 se
1314 4411 1364 4470 illi.
1378 4422 1476 4482 preter
1485 4413 1622 4485 quoddam
1637 4418 1729 4475 arabile
1739 4423 1811 4492 quod
1826 4423 1983 4482 llarmanda

1196 4513 1318 4558 vocatur.
1341 4501 1441 4560 (lomes
1467 4515 1558 4562 antem
1579 4509 1615 4563 ob
1642 4512 1774 4582 majorem
1796 4518 1983 4586 securitatem,

1197 4612 1232 4652 ne
1257 4598 1355 4652 iterum
1381 4607 1568 4668 apostatarent
1593 4604 1664 4660 sicut
1688 4619 1899 4676 consueverant,
1926 4611 1985 4668 lere

1197 4705 1294 4745 omues
1305 4702 1394 4746 turres
1406 4699 1433 4746 et
1449 4708 1544 4748 vnrrros
1559 4695 1630 4750 ‹lirui
1645 4696 1769 4766 iaciebat,
1782 4705 1904 4772 exceptis
1916 4720 1987 4776 pau·

1198 4780 1238 4835 cis
1248 4780 1282 4835 de
1304 4778 1463 4836 lentioribus
1478 4784 1589 4847 castris,
1610 4802 1671 4856 quar
1686 4789 1743 4857 ipse
1758 4800 1812 4845 tarn
1834 4794 1885 4848 sibi
1900 4812 1984 4864 quam

393 4878 464 4932 Cum
482 4874 612 4933 iecissent
631 4875 779 4946 supradicti
801 4876 936 4948 peregrini
961 4892 1065 4948 paucos
1088 4878 1147 4934 dies
1160 4849 1184 4905 ὓ
1199 4869 1377 4941 francigenis
1390 4874 1496 4929 munire
1508 4876 1594 4932 voluit
1607 4887 1635 4932 et
1647 4887 1747 4935 tenere.
1760 4879 1878 4939 Veniens
1892 4902 1986 4943 eomes

357 4970 558 5036 Can-assona,
585 4968 686 5024 nobilis
713 4984 806 5023 comes
828 4968 1009 5025 Morarislortis
1042 4973 1146 5041 rogavit

357 5080 419 5128 eos,
435 5071 465 5117 ut
477 5077 540 5117 eum
552 5061 681 5132 episcopo
695 5060 906 5118 Carcassouensi
927 5073 954 5118 et
975 5062 1099 5119 Guidonc
1114 5064 1149 5120 de

358 5153 519 5211 llontelurti
543 5153 626 5209 lratre
638 5169 768 5225 germano
781 5153 867 5225 ipsius
878 5156 996 5222 comitis,
1009 5157 1043 5213 ad
1058 5168 1148 5228 partes

358 5246 534 5303 Rutevvenses
554 5246 726 5310 accederent,
748 5255 776 5301 et
798 5247 880 5302 etiam
895 5247 1096 5317 Cadurccnscs,
1117 5259 1148 5305 ut

358 5350 450 5397 terras
460 5347 516 5392 mm
532 5336 634 5392 liaterii
647 5337 680 5393 dc
691 5336 871 5403 Castronoru,
886 5339 932 5408 qui
949 5339 1148 5395 nobilissimum

358 5442 385 5488 et
397 5428 667 5486 christianissimum
681 5429 808 5487 comitem
835 5428 999 5486 Balduinum
1015 5433 1148 5488 crudelis·

358 5527 430 5583 sime
444 5522 612 5597 prodiderat,
624 5539 707 5594 «guam
718 5523 835 5580 aliomm
849 5523 972 5580 bostium
987 5523 1088 5581 Christi
1102 5541 1149 5596 pe·

358 5619 436 5673 nitus
455 5613 640 5670 devastarent.
666 5611 726 5683 lpse
742 5627 807 5668 vero
825 5629 930 5679 comes,
953 5630 1016 5670 cum
1031 5631 1082 5671 suo
1096 5618 1150 5687 pri-

357 5706 501 5775 mogenitu
514 5705 662 5773 almarico,
677 5706 817 5761 descendit
831 5722 918 5778 usqne
931 5705 1095 5773 Valentiam,
1112 5709 1151 5763 in·

356 5801 491 5870 venitque
504 5797 542 5853 ibi
558 5799 655 5855 ducem
670 5796 837 5869 Burgvvudiae
860 5808 888 5854 et
900 5799 1077 5870 delphinum
1100 5800 1150 5855 ba·

356 5893 476 5963 bitoque
491 5905 575 5961 super
588 5890 701 5962 prelato
725 5891 903 5946 matrimonio
927 5892 1043 5948 consilio
1062 5903 1089 5947 et
1107 5907 1151 5947 as·

353 6001 457 6050 sensu,
482 5998 574 6039 eomes
595 5993 697 6050 noster,
712 5984 777 6055 qnia
802 5998 858 6039 non
882 5992 942 6038 erat
960 5992 1067 6055 tempus
1083 6000 1151 6039 eorr-

351 6090 460 6150 gruum
480 6073 514 6130 ad
526 6073 755 6142 contrabendum,
771 6088 822 6131 nec
836 6074 904 6146 ipse,
928 6083 1040 6146 propter
1058 6073 1151 6131 multi-

1198 4962 1231 5017 ad
1248 4963 1427 5018 obsidendum
1453 4975 1573 5021 castrum
1594 4967 1769 5035 llarmandae,
1791 4975 1895 5031 invenit
1919 4979 1984 5033 illud

1198 5063 1294 5108 contra
1317 5069 1345 5109 se
1362 5056 1518 5111 munitum:
1536 5058 1613 5116 miles
1627 5063 1699 5116 enim
1715 5065 1826 5133 quidam
1844 5071 1916 5138 regis
1929 5072 1986 5125 Λιι-

1199 5145 1268 5215 gliae,
1294 5147 1426 5215 quosdam
1451 5148 1600 5206 servientes
1624 5150 1651 5206 in
1677 5163 1798 5209 castrum
1823 5158 1985 5221 adduxerat,

1198 5238 1385 5308 vexillumque
1402 5255 1483 5294 suum
1506 5239 1533 5294 in
1557 5244 1714 5299 summitate
1737 5249 1821 5302 castri
1845 5263 1985 5318 posuerat,

1200 5341 1230 5384 ut
1245 5341 1366 5386 castrum
1383 5331 1539 5389 defenderet
1555 5345 1649 5390 contra
1672 5350 1796 5407 nostros;
1813 5345 1871 5408 sed,
1888 5359 1988 5414 appru-

1200 5423 1398 5493 piuquantibns
1424 5426 1527 5482 nostris
1561 5436 1588 5482 ct
1611 5430 1638 5482 iu
1663 5430 1722 5498 ipso
1742 5431 1860 5489 adventu
1882 5450 1933 5491 suo
1951 5436 1985 5491 ad

1200 5531 1296 5570 vnuros
1311 5516 1515 5584 accedentibus,
1532 5528 1592 5589 pest
1603 5522 1739 5579 modicam
1752 5525 1938 5585 delensionem
1952 5530 1987 5586 de

1201 5617 1292 5662 castro
1308 5606 1402 5679 lugere
1421 5621 1571 5680 coeperunt,
1585 5613 1801 5686 recipientesque
1817 5634 1846 5675 sc
1861 5620 1888 5674 in
1909 5624 1987 5677 navi·

1200 5701 1253 5755 bus
1267 5715 1315 5769 per
1334 5698 1501 5757 Garumnam
1513 5703 1624 5760 durium
1640 5708 1765 5763 celeriter
1787 5711 1986 5769 descendebant

1202 5794 1235 5846 ad
1249 5793 1384 5862 quoddam
1399 5806 1518 5851 castrum
1529 5798 1684 5867 proximum
1701 5803 1771 5872 regis
1784 5805 1897 5876 Angliae.
1912 5809 1985 5878 quod

1202 5885 1305 5957 llegula
1328 5888 1488 5944 dicebatur:
1512 5891 1662 5949 servientes
1686 5911 1751 5951 vero
1774 5901 1845 5969 regis
1871 5902 1986 5971 bvvgliae,

1202 5979 1249 6047 qni
1269 5979 1303 6033 ad
1323 5978 1510 6036 defensionem
1533 5985 1616 6040 castri
1631 5998 1771 6054 venerant,
1787 6005 1816 6045 so
1832 5990 1859 6046 in
1873 6003 1931 6047 tuto
1944 6010 1988 6052 rc·

1202 6079 1343 6142 ceperunt.
1359 6070 1452 6130 Nostri
1473 6089 1537 6132 vero
1552 6077 1686 6135 intrantes
1710 6090 1843 6144 castrum.
1861 6084 1934 6143 bona
1954 6086 1990 6144 'u-
