5125 7059
364 692 418 752 tot
1002 697 1221 756 straten-
1238 697 1306 756 ets.
1326 696 1374 753 tx.
1445 774 1449 779 ,
1941 691 1994 746 tos

363 825 439 870 coste
452 811 662 879 solemnizatur,
685 813 753 871 illud
767 823 876 887 tempus
895 815 1037 884 recolitur,
1052 816 1081 872 in
1096 829 1154 888 quo
1167 821 1192 880 A
1203 825 1247 872 est
1256 829 1306 887 per
1317 814 1360 870 bis
1373 811 1559 885 septingentos
1574 827 1683 870 annos:
1702 820 1742 867 tot
1755 809 1827 866 cutim
1849 809 1996 865 inveniun-

362 905 518 976 populusin
531 913 603 962 terra
616 890 808 977 promissionis
831 907 996 978 gratulatur.
1012 906 1112 965 lunius
1125 917 1154 966 et
1208 919 1253 965 tur
1278 923 1295 963 a
1310 916 1433 978 tempore
1445 904 1519 973 Nini,
1534 921 1549 962 a
1568 919 1624 977 quo
1643 919 1756 976 regnum
1781 902 1936 975 Babyloniae
1953 901 1996 958 in·

361 995 462 1060 Julius.
480 998 509 1054 iu
532 996 633 1069 quibus
646 998 760 1054 historia
786 997 1014 1073 itepumlepitur,
1037 1016 1152 1071 regnum
1207 1001 1394 1072 cepit-usque
1415 999 1450 1055 ad
1474 998 1575 1072 Cyrum
1600 1013 1690 1069 regern
1711 995 1868 1062 Persarum,
1886 995 1915 1050 ln
1939 1008 1996 1065 quo

361 1085 428 1143 Saul
439 1093 469 1142 et
480 1084 566 1144 burlo
586 1097 814 1145 commemorant.
832 1090 957 1160 Augusto
970 1089 997 1146 in
1012 1074 1068 1161 quo
1083 1091 1153 1148 liber
1206 1093 1316 1151 defecit.
1332 1091 1361 1147 in
1381 1091 1485 1162 reliqua
1506 1101 1583 1162 parte
1597 1089 1777 1161 Septembris.
1793 1102 1908 1157 regnum
1929 1083 1996 1142 Per·

362 1175 510 1246 Sapientia
523 1177 666 1245 recitatur,
692 1195 808 1250 reguum
835 1180 969 1251 sapientis
994 1181 1152 1244 Salomonis
1205 1182 1583 1250 saruminnuitur.Quocirca
1595 1183 1657 1238 duae
1669 1182 1790 1237 lristuriae
1806 1180 1994 1252 leguntur,eo

360 1267 530 1325 insinuatur.
545 1266 654 1340 Reliqui
669 1280 789 1342 quatuor
815 1286 924 1329 menses
938 1288 1021 1346 repua
1047 1275 1152 1345 princi·
1205 1281 1280 1355 quod
1303 1295 1377 1337 nunc
1399 1280 1433 1337 de
1446 1278 1550 1344 Persis,
1576 1295 1650 1335 nune
1662 1279 1697 1334 de
1720 1276 1806 1334 Nedis
1823 1291 1902 1345 repes
1916 1291 1996 1333 assu·

359 1360 431 1430 palia
445 1369 553 1429 nolaut,
571 1362 678 1420 scilicet
692 1364 890 1438 Babylonicum
909 1367 1037 1434 orientis,
1053 1366 1153 1425 Persa·
1206 1373 1351 1428 mebantur
1364 1389 1372 1438 ;
1386 1370 1499 1426 historia
1514 1367 1745 1435 barrabanum,
1761 1384 1822 1438 nure
1845 1366 1945 1439 legitur
1966 1365 1994 1422 iu

359 1469 432 1521 rum,
444 1455 518 1525 quod
528 1465 573 1512 est
594 1455 623 1511 iu
644 1457 769 1524 meridie,
782 1457 951 1525 Graecorum,
966 1461 1039 1531 quod
1059 1470 1102 1517 est
1122 1462 1150 1517 in
1203 1464 1327 1532 Octobri,
1343 1462 1500 1520 Graecorum
1525 1460 1662 1534 significat
1684 1463 1812 1532 regnum,
1828 1460 1879 1515 sub
1893 1457 1996 1529 qrvibus

357 1546 501 1617 aquilone,
515 1545 716 1619 Romanorum,
742 1551 816 1623 quod
832 1564 875 1609 est
889 1553 918 1608 in
932 1555 1082 1611 occidente.
1097 1554 1151 1628 igi·
1204 1556 1354 1614 llacbabai
1369 1556 1447 1612 luere
1466 1554 1569 1611 albic-ti.
1583 1553 1634 1609 Per
1649 1551 1829 1610 Nouembrem
1841 1562 1870 1608 et
1882 1551 1997 1608 liccem·

358 1648 404 1692 tur
418 1638 535 1696 historia
545 1638 608 1708 lob,
622 1657 685 1714 quae
699 1643 837 1715 legiturin
849 1642 1003 1716 Septembri
1018 1662 1068 1717 per
1079 1648 1150 1704 duas
1202 1649 1292 1714 brem,
1308 1650 1336 1705 in
1356 1648 1458 1718 quibus
1479 1646 1628 1718 prophetiae
1648 1648 1785 1714 leguntur,
1799 1658 1914 1716 regnum
1936 1642 1994 1700 itu-

358 1727 556 1796 bcbdomadas,
581 1747 695 1803 regnum
718 1735 847 1805 exprimit
868 1737 994 1795 orientis.
1013 1735 1089 1794 Unde
1112 1738 1149 1794 ibi
1203 1741 1395 1807 mauoruvn,in
1404 1738 1569 1810 quoCbristi
1581 1739 1678 1810 religio
1689 1735 1996 1809 nigeuacctplturn‘ro

355 1820 460 1876 dicitur
475 1840 483 1877 ε
499 1821 568 1878 Erat
583 1824 626 1880 eir
645 1825 692 1881 ille
705 1843 817 1899 mannas
831 1828 902 1884 inter
919 1845 1009 1886 omna
1031 1831 1150 1886 oriente·
1203 1832 1377 1905 pbetiaevero
1402 1830 1523 1886 maxime
1551 1830 1585 1884 de
1603 1829 1715 1885 Christo
1734 1829 1895 1901 loquuntur,
1915 1829 1996 1900 cuijus

355 1911 394 1966 les
411 1913 457 1980 ”,
482 1923 510 1970 et
524 1915 624 1989 legitur
642 1934 692 1989 per
715 1919 786 1976 duas
801 1920 998 1989 hebdomadas,
1013 1923 1078 1994 quia
1104 1939 1152 1981 re·
1204 1925 1334 1982 nativitas
1348 1933 1389 1981 est
1404 1925 1432 1978 iu
1459 1923 1513 1979 line
1537 1921 1613 1989 anni,
1635 1921 1708 1977 sicut
1725 1937 1840 1994 regnum
1855 1919 1995 1977 Romano-

356 2002 443 2074 guum'
463 2005 531 2063 illul
557 2008 750 2067 duravitduas
770 2012 883 2069 annales
910 2013 1106 2084 hebdomadas,
1122 2016 1150 2073 id
1204 2033 1265 2073 rum
1281 2016 1309 2072 in
1324 2017 1379 2071 line
1392 2015 1498 2070 mundi.

395 2119 491 2177 ”lob
508 2123 535 2179 l.

955 2396 1138 2488 LIBER
1175 2395 1399 2491 NONUS.

496 2585 544 2648 Ite
560 2584 804 2651 festivitatibus
820 2593 1021 2661 sanctorum,
1037 2594 1069 2650 nt
1084 2589 1178 2679 prius
1194 2604 1320 2666 eorum,
1338 2607 1412 2673 qum
1426 2596 1502 2654 sunt
1516 2589 1556 2653 eb
1571 2591 1722 2655 Adventu
1739 2606 1844 2673 usquo

966 2668 1008 2732 ad
1025 2669 1232 2734 Nativitatem
1245 2670 1388 2767 Domini.
1476 2703 1486 2715 =

392 2993 403 3025 a
421 2972 571 3031 Exsultaut
585 2975 672 3032 uncti
688 2976 716 3031 in
740 2978 838 3050 gloria,
852 2980 977 3035 lavantes
1004 2977 1033 3034 in
1046 2976 1145 3035 cubili·
1163 2979 1300 3047 Beanpst
1319 2976 1494 3048 propinquior
1512 2984 1611 3032 exstat.
1625 2976 1777 3033 Adventum
1794 2975 1903 3035 Domini
1924 2975 1991 3035 terta

355 3065 408 3123 bus
423 3066 483 3123 suis
499 3067 557 3123 ¹⁸.»
587 3067 730 3136 Quondam
751 3071 882 3140 viatores,
900 3071 965 3128 lacti
983 3081 1048 3128 sunt
1072 3084 1148 3127 com·
1199 3069 1288 3139 prima
1315 3068 1404 3125 docet.
1424 3068 1512 3124 Aliam
1529 3068 1713 3141 praediximus,
1730 3083 1792 3126 cum
1813 3069 1847 3126 de
1866 3068 1990 3125 Adventu

356 3162 585 3230 prebensores¹·.
604 3161 749 3230 Quondam
776 3164 915 3237 peregrini
941 3165 977 3231 ¹⁰,
991 3163 1056 3235 lacti
1082 3170 1148 3221 sunt
1199 3158 1310 3215 Domini
1323 3167 1517 3216 tractaremus.
1544 3159 1640 3232 ltaque
1658 3159 1758 3217 leslunr
1781 3158 1858 3216 Beati
1874 3159 1991 3217 Andrese

356 3268 435 3326 reges
449 3253 592 3311 domestici
605 3256 646 3312 ¹¹:
661 3271 780 3327 quorum
806 3257 983 3313 exsultationi
999 3272 1033 3313 eo
1053 3257 1147 3312 exsul·
1199 3253 1365 3325 quandoque
1378 3253 1505 3324 praecedit
1519 3252 1685 3321 Adventum,
1701 3253 1866 3324 quandoque
1884 3253 1912 3308 in
1931 3253 1991 3326 ipso

356 3352 395 3398 tat
415 3343 557 3412 scelesta,
583 3361 645 3403 cum
675 3362 773 3403 eorum
792 3348 913 3405 celebrat
935 3346 1071 3404 natalitia.
1093 3344 1148 3402 Sed
1197 3347 1354 3403 continetur
1367 3345 1504 3402 Adventu.

355 3452 420 3508 quta
445 3437 518 3493 sicut
541 3438 641 3495 cedrus
654 3437 751 3495 Libani
767 3439 993 3512 multiplicabitur
1015 3438 1044 3494 in
1065 3437 1149 3493 domo
1447 3437 1583 3495 CAPUT
1602 3435 1776 3495 Pillilllli.

356 3526 467 3584 ilomini
480 3530 514 3596 ¹',
532 3530 629 3586 saltem
640 3531 675 3588 de
690 3533 786 3604 paucis
801 3549 888 3606 pauca
905 3534 933 3590 in
944 3533 1067 3589 medium
1082 3546 1149 3606 pro·
1469 3550 1503 3589 uc
1523 3549 1624 3589 sancro
1646 3549 1760 3591 munet.

356 3621 489 3681 ieramus.
502 3623 542 3681 bs
568 3625 623 3682 illis
646 3640 712 3698 ergo
734 3626 956 3684 solemnitatibus
975 3635 1147 3694 sauctorum,
1233 3625 1309 3683 Beati
1339 3626 1456 3683 Andreae
1487 3626 1644 3697 passionem
1675 3627 1812 3699 scripsere
1840 3626 1991 3700 presbyteri

355 3731 417 3786 qna
444 3715 473 3771 in
491 3715 615 3774 Adventu
641 3718 818 3791 eotvtingunt,
849 3719 902 3776 boc
923 3728 977 3787 est,
995 3719 1147 3775 secundum
1197 3718 1304 3788 Asiani,
1327 3719 1449 3789 ejusdem
1473 3717 1590 3774 Andreae
1610 3717 1749 3789 discipuli,
1772 3718 1894 3776 diceutes
1916 3718 1991 3789 quod

354 3809 503 3879 numam,
517 3811 678 3882 generaliter
697 3811 900 3868 observandum
923 3813 1009 3885 quod,
1029 3812 1095 3869 licet
1119 3812 1148 3869 in
1198 3811 1233 3866 de
1257 3812 1350 3868 crucis
1367 3811 1509 3883 mysterio,
1531 3819 1560 3866 et
1573 3809 1669 3866 altaris
1683 3809 1819 3866 sacritlcio
1832 3809 1990 3881 disputavit.

355 3901 475 3956 alvento
491 3902 734 3960 subdiaconalibus
748 3905 851 3963 tunicis
873 3916 901 3962 et
925 3906 1080 3963 dalmaticis
1093 3905 1147 3962 Ec-
1199 3899 1228 3956 ln
1242 3902 1345 3958 Achaia
1364 3901 1482 3957 multum
1496 3901 1627 3972 populum
1645 3900 1801 3972 aequisivit,
1815 3902 1925 3959 undem
1939 3902 1992 3959 sub

355 3996 438 4051 etesia
455 4010 510 4051 non
523 4005 626 4066 utatur,
640 4008 669 4055 et
681 3997 717 4054 Te
740 3999 825 4055 ocum
840 4001 995 4066 laetamur,
1012 3999 1106 4056 cloria
1119 3999 1148 4054 tn
1199 3993 1278 4066 Egara
1295 3993 1460 4065 proconsule
1483 3993 1575 4049 crucis
1598 3993 1750 4064 patibulum
1771 3993 1864 4050 subiit.
1888 3991 1919 4049 ln
1935 4009 1992 4066 quo

355 4086 479 4154 excelsis,
497 4095 525 4143 et
539 4085 581 4144 lte
594 4091 677 4146 missu
694 4099 734 4146 est
759 4086 986 4161 intermittantur,
1006 4102 1099 4151 tamen
1118 4092 1148 4149 in
1200 4085 1285 4142 11111110
1298 4085 1432 4157 pendeus,
1447 4098 1498 4141 ¹¹0⁰
1513 4081 1599 4138 9111111
1614 4083 1737 4150 1111111111,
1753 4097 1804 4139 11111
1827 4083 1991 4154 1101111011·

356 4177 428 4235 letto
458 4180 553 4238 Sancti
568 4181 685 4240 Andreae
709 4192 737 4241 et
754 4185 849 4242 Sancti
871 4185 985 4242 Tiromre
1004 4187 1149 4258 precluus
1199 4180 1246 4236 siit
1258 4178 1416 4250 praedicare.
1429 4176 1507 4235 Unde
1522 4175 1640 4248 populus
1652 4191 1743 4233 euma
1762 4177 1926 4248 proconsule
1946 4191 1991 4234 re·

356 4272 454 4330 annues
470 4283 500 4329 er
524 4275 733 4345 glorineattonts
756 4278 875 4351 insignia
897 4296 953 4336 non
968 4281 1078 4349 omittit,
1100 4281 1147 4338 sul
1201 4273 1317 4343 petebat.
1329 4272 1442 4327 dicens:
1462 4288 1472 4324 1
1489 4268 1707 4326 conoecenonts
1724 4267 1990 4339 nominemjustun.

357 4368 461 4440 ubique
473 4369 502 4424 in
516 4369 557 4427 eis
568 4385 625 4428 non
647 4372 785 4429 immerito
797 4374 977 4442 solemnizat;
996 4374 1025 4431 in
1039 4374 1147 4431 caeteris
1161 4341 1182 4397 c
1201 4364 1293 4422 Redde
1307 4363 1387 4420 11111111
1401 4363 1540 4419 1111111111
1553 4371 1710 4419 1111111111·
1727 4360 1850 4428 0111111111,
1860 4375 1924 4418 111111
1934 4358 1991 4418 ⁰0⁰

356 4474 421 4516 vero
444 4471 605 4518 sauctorum
630 4463 851 4521 solemnitatibus
870 4481 925 4520 non
948 4467 999 4532 ila,
1025 4466 1079 4522 uisi
1100 4467 1147 4522 ubi
1199 4461 1302 4533 gratias
1315 4475 1400 4532 agens
1408 4461 1435 4515 iu
1450 4459 1574 4531 patibulo
1584 4460 1760 4530 exspirasset,
1770 4457 1919 4516 Naxlmilla
1928 4473 1991 4515 cor·

357 4553 524 4618 celebratur.
538 4564 587 4612 aut
605 4565 840 4614 commemoratur
852 4557 977 4615 ecclesie
997 4558 1147 4627 bedieatto,
1200 4567 1251 4622 pus
1272 4550 1333 4622 ejus
1353 4551 1496 4607 conditum
1522 4552 1692 4607 aromatibus
1720 4549 1852 4621 sepelivit.
1871 4547 1911 4605 Es
1939 4550 1992 4606 bac

357 4655 404 4703 aut
414 4647 479 4717 ejus
500 4648 589 4704 teneti
615 4647 760 4718 festivitas,
786 4651 867 4723 cujus
891 4648 1015 4709 Eucleeia
1038 4653 1150 4723 proprio
1201 4644 1324 4716 legenda,
1336 4652 1364 4700 et
1382 4643 1528 4701 vocatione
1539 4643 1636 4715 ipsius,
1650 4658 1712 4714 qum
1726 4643 1754 4697 in
1766 4640 1914 4714 Evangelio
1924 4657 1991 4699 con·

355 4748 399 4796 est
411 4738 545 4812 insignita
558 4742 704 4799 vocabulo.
726 4742 756 4800 in
778 4744 840 4801 istis
852 4744 948 4815 igitur,
961 4744 1041 4802 idest
1053 4743 1149 4801 Sancti
1201 4739 1317 4793 tinetur:
1336 4737 1511 4793 ‹Ambulans
1538 4734 1619 4792 Jesus
1643 4736 1813 4807 juxtamare
1829 4734 1887 4802 '⁸,v
1905 4734 1989 4806 iptiul

359 4831 474 4888 Androe
492 4840 520 4887 et
534 4830 628 4889 Sancti
643 4831 757 4891 Tbomae
772 4845 800 4891 et
816 4835 1036 4892 dedicationibus
1057 4834 1148 4890 eccle·
1201 4830 1409 4902 compaginatur
1420 4829 1546 4884 bistoria.

357 4923 474 4989 siarum.
488 4933 517 4979 et
538 4929 567 4981 ln
589 4924 667 4983 lestis
680 4927 748 4998 ipsis
767 4927 892 4985 ecclesiis
913 4917 1095 5000 appropriatis
1121 4927 1149 4983 ln
1513 4918 1629 4975 CAPUT
1656 4918 1688 4975 ΙΙ·

357 5017 424 5074 bora
436 5016 531 5086 tertia,
559 5033 609 5074 seu
625 5034 720 5085 mane,
730 5021 816 5076 missa
833 5020 867 5075 de
881 5019 952 5076 lesto
974 5034 1038 5076 cum
1051 5021 1145 5092 praedi·
1451 5032 1485 5071 nc
1505 5030 1608 5072 sancru
1626 5028 1750 5070 tttcotto.

356 5109 407 5165 stit
417 5107 561 5165 solemniis
574 5110 736 5167 celebratur.
751 5110 830 5179 Quod
842 5121 871 5168 et
883 5112 910 5167 in
923 5111 984 5169 aliis
1008 5110 1085 5169 iestis
1099 5129 1150 5168 uo·
1236 5108 1312 5166 beati
1325 5106 1430 5165 Nicolni
1455 5108 1551 5168 vitam.
1563 5115 1592 5162 et
1601 5106 1628 5161 iu
1642 5107 1698 5161 vita
1714 5121 1764 5163 sua
1784 5113 1890 5176 patrata
1904 5102 1991 5159 mira·

356 5214 416 5256 vs·
434 5200 587 5259 lectionum
597 5203 730 5270 est,dum
753 5213 844 5259 tamen
859 5204 920 5261 siue
931 5205 1083 5270 solemniis,
1098 5205 1149 5260 ob-
1200 5202 1274 5266 cula,
1289 5199 1443 5257 memoriali
1457 5200 1528 5270 stylo
1541 5199 1669 5254 doctores
1681 5197 1801 5269 Argolici
1816 5196 1989 5258 mandavere.

357 5289 536 5349 servandum.
557 5288 588 5347 ln
612 5291 680 5347 bora
700 5307 766 5348 vero
782 5307 866 5360 noua,
882 5293 966 5349 missa
985 5294 1019 5350 de
1043 5294 1150 5365 ieiunio
1200 5293 1324 5349 dicentes
1354 5291 1429 5362 nurvd
1466 5305 1501 5346 ex
1538 5290 1636 5345 illustri
1668 5291 1794 5361 prosapia
1831 5298 1926 5354 ortus,
1955 5287 1991 5344 ab

356 5393 495 5440 nutetm.
509 5381 769 5456 illudquoquenou
795 5395 838 5441 est
850 5386 960 5442 silentio
981 5395 1149 5457 praetereun-
1200 5394 1281 5440 utero
1305 5385 1413 5451 matris,
1436 5383 1479 5438 vel
1502 5397 1518 5436 a
1544 5382 1695 5453 puerilibus
1719 5383 1798 5437 annis
1820 5380 1872 5437 luit
1887 5379 1990 5451 Spiritu

356 5476 421 5532 dant
434 5473 521 5548 quod,
543 5476 568 5532 si
589 5473 691 5532 lestum
716 5474 809 5532 Sancti
824 5474 939 5533 Andreae
954 5476 1036 5533 luerit
1059 5478 1087 5534 iu
1105 5477 1151 5533 die
1201 5487 1299 5532 saneto
1311 5476 1443 5548 repletus.
1460 5474 1513 5543 Qui
1525 5483 1581 5530 tres
1594 5475 1714 5546 virgines
1731 5475 1766 5530 ab
1789 5474 1885 5530 intanti
1910 5475 1991 5532 latris

357 5567 589 5638 Minimum
609 5569 637 5626 in
661 5569 757 5625 codem
781 5570 932 5626 secundnm
958 5571 1080 5642 regulam
1107 5571 1150 5626 in·
1200 5570 1370 5626 commercio
1387 5569 1522 5624 liberarit.
1539 5568 1592 5637 Qui
1604 5570 1638 5625 ad
1651 5584 1788 5624 summurn
1806 5567 1989 5625 sacerdotium

358 5661 476 5720 dtoetttr
489 5659 650 5730 Adventus,
681 5661 780 5718 testum
809 5663 843 5718 ad
871 5662 1019 5718 secundant
1052 5663 1147 5718 leriam
1165 5661 1295 5757 1>diviua
1310 5659 1364 5716 luit
1386 5661 1554 5717 revelatione
1568 5671 1721 5732 promotus.
1743 5660 1794 5728 Qui
1810 5661 1902 5715 nautis
1919 5676 1990 5717 nau·

357 5752 541 5815 medeatur
555 5770 564 5822 3
578 5754 643 5825 quia
655 5753 701 5810 ille
713 5754 773 5810 dies
786 5737 946 5811 botniuicus
961 5755 1148 5826 privilegiatus
1202 5755 1374 5829 lragantibus
1396 5755 1533 5814 subvenit.
1562 5753 1614 5821 Qui
1642 5755 1763 5810 triticurn
1789 5754 1989 5826 nublpliravlr.

357 5858 409 5905 eat.
433 5846 509 5904 idem
536 5848 565 5904 in
587 5848 734 5908 similibus.
751 5858 783 5905 ut
804 5847 874 5905 inira
897 5849 1030 5905 dicemus.
1047 5847 1148 5920 Regula
1201 5851 1255 5920 Qui
1278 5848 1372 5905 [tianae
1395 5846 1532 5905 fallaciam
1554 5849 1615 5903 oleo
1640 5834 1778 5903 incentivo
1802 5847 1913 5903 deleuit.
1936 5845 1989 5913 Qui

358 5953 424 5997 vero
436 5939 473 5995 de
483 5938 625 5998 Adventus
639 5940 863 5998 initiobecest:
881 5942 995 5997 Asdreoe
1009 5942 1077 6012 leste
1087 5959 1150 6014 pro·
1202 5943 1338 6016 quosdam
1362 5957 1376 5997 n
1401 5940 1512 6013 capitali
1532 5942 1680 6007 sententia,
1697 5951 1724 5994 ct
1744 5939 1813 5996 alios
1839 5956 1854 5994 a
1879 5953 1990 5994 carcere

358 6032 552 6105 pinariorum
571 6045 712 6091 umento.
732 6032 780 6092 i'el
793 6037 852 6093 sic:
871 6035 984 6090 Andreoe
998 6036 1149 6108 testantem·
1203 6035 1338 6090 liberavit.
1362 6032 1402 6088 Ex
1417 6033 1497 6104 cujus
1508 6033 1602 6089 lumba
1614 6031 1703 6087 oleum
1728 6028 1848 6100 resudat,
1867 6030 1987 6087 diversu-

396 6174 589 6234 ⁸meatus.
641 6175 825 6234 ”rents
865 6174 1045 6235 eirena.
1084 6176 1106 6210 ²·
1127 6153 1271 6246 epioe.
1313 6171 1484 6231 vesanus.
1529 6172 1705 6234 ”nmine
