5125 7059
618 696 670 752 att
1145 690 1281 748 stcnttut
1300 687 1541 750 eumont-:sss
1558 691 1712 749 crisconi
2180 698 2232 756 ild

619 817 733 884 tonum
753 827 816 868 enm
841 809 955 866 muliere
981 805 1178 870 Samaritana,
1207 821 1270 878 qna
1293 795 1568 873 renemrgenntt'a
1594 810 1665 876 sits,
1683 809 1789 865 scillcet
1810 823 1827 865 o
1851 818 1946 867 sancta
1962 809 2098 883 Trinitas3
2122 813 2236 886 ideoque

620 909 730 963 inaurire
741 902 883 976 anuam⁸⁸.
899 899 1000 955 ilatum
1015 909 1057 955 εει
1068 899 1241 971 mysterium,
1254 896 1402 953 Dominum
1455 899 1700 971 subdistinguitur:
1715 910 1810 957 sancte
1823 899 1896 959 beas
1907 943 1914 971 ,
1927 917 2021 961 sancte
2032 905 2130 974 fortis,
2146 919 2238 966 saone

618 1015 652 1055 ea
668 997 829 1066 itinerequo
842 993 877 1049 ad
890 1007 943 1048 nos
956 991 983 1046 iu
996 999 1072 1047 sexta
1085 989 1194 1045 venisse
1205 998 1303 1057 aetate,
1317 1004 1405 1061 usgue
1453 990 1630 1058 misericors,
1650 991 1678 1047 id
1692 1000 1734 1049 est
1748 991 1839 1059 Pater,
1855 993 1925 1062 Fili,
1941 1005 1969 1052 et
1990 1007 2085 1054 sancte
2098 996 2235 1071 Spiritus,

617 1091 653 1145 ari
677 1094 793 1143 mortem
816 1084 980 1157 fatigatum,
998 1083 1158 1151 sedisseque
1175 1094 1258 1151 super
1274 1089 1403 1152 puteum,
1454 1095 1556 1151 aquo,
1571 1090 1599 1137 et
1616 1096 1664 1152 per
1688 1098 1790 1153 quem,
1814 1097 1841 1141 et
1857 1087 1885 1141 iu
1900 1102 1956 1158 quo
1970 1088 2122 1158 salvamur,
2135 1101 2164 1148 ει
2179 1092 2237 1150 ideo

618 1182 647 1237 id
671 1189 714 1237 εει
737 1180 865 1234 bumana
889 1175 1030 1247 sapient-iae
1050 1187 1196 1243 superasse
1218 1171 1403 1245 protundum,
1453 1171 1588 1237 Salvator,
1606 1183 1634 1230 et
1649 1173 1770 1232 Trinius
1797 1177 1949 1249 appellatur
1964 1197 1972 1247 ;
1985 1180 2019 1236 ad
2044 1196 2238 1254 quemcunque

618 1274 666 1343 qui
678 1272 773 1329 docuit
785 1257 1004 1336 samaritanam,
1020 1267 1126 1324 seilicet
1145 1264 1294 1324 Ecclesiam
1309 1265 1405 1322 alieni-
1452 1272 1543 1321 tamen
1565 1281 1720 1325 sermonem
1744 1270 1909 1342 dirigimus,
1946 1273 2112 1343 adiutorium
2139 1277 2238 1347 guen·

618 1379 729 1433 genam,
744 1378 805 1434 quar
821 1360 964 1417 hauriebat
979 1374 1079 1430 aquam
1094 1358 1232 1413 mortuam
1254 1357 1289 1413 de
1306 1356 1403 1413 cister·
1454 1372 1526 1424 mus,
1551 1360 1616 1430 quia
1631 1361 1659 1416 in
1674 1373 1762 1418 morte
1784 1378 1898 1432 suanus,
1915 1365 1941 1419 in
1959 1367 2080 1423 miseriis
2094 1372 2238 1438 prasentia

618 1454 679 1518 nis,
695 1462 724 1508 ut
738 1453 862 1515 biberet,
885 1450 991 1507 scilicct
1006 1451 1041 1505 de
1051 1449 1182 1505 obscuris
1196 1446 1328 1504 doctrinis
1342 1449 1404 1518 pbi-
1451 1450 1529 1516 ritae,
1544 1451 1716 1522 petimusque
1730 1468 1765 1508 oe
1780 1454 1870 1509 tradat
1877 1443 1933 1511 ¹nos
1947 1458 2127 1515 amaritudini
2142 1463 2237 1518 mortis

617 1545 816 1616 losophorum,
831 1559 894 1616 quae
906 1543 1007 1599 satiare
1021 1557 1076 1597 raon
1089 1551 1225 1613 poterant,
1238 1555 1273 1596 ex
1287 1556 1343 1612 qua
1356 1540 1403 1611 qui
1454 1551 1582 1612 mternae3
1605 1544 1664 1608 rel,
1683 1559 1701 1599 o
1722 1544 1853 1612 bomine,
1880 1563 1932 1604 nos
1955 1551 2105 1609 existentes
2130 1553 2159 1610 in
2183 1557 2236 1610 rita

616 1636 722 1690 biberet
732 1634 821 1690 sitiret
836 1634 950 1701 itemm,
965 1631 1013 1687 sed
1038 1631 1086 1703 qui
1098 1632 1205 1688 biberet
1218 1645 1252 1686 ex
1267 1645 1299 1687 ea
1320 1646 1403 1702 quani
1452 1635 1540 1691 media
1557 1651 1653 1693 sumus
1670 1638 1699 1693 in
1713 1647 1812 1695 morte.
1826 1638 1918 1695 Prima
1938 1638 1990 1698 iuit
2004 1644 2060 1700 rita
2073 1645 2193 1714 justitian
2208 1659 2237 1703 et

617 1731 675 1798 ipse
695 1728 788 1790 daret,
813 1726 841 1780 id
859 1733 902 1780 est
919 1723 1023 1796 Spiritu
1049 1732 1164 1790 sancto,
1186 1737 1240 1778 non
1264 1724 1353 1779 sitiret
1375 1724 1403 1779 iu
1453 1729 1632 1799 innocentiae,
1659 1731 1688 1786 in
1712 1742 1898 1803 concreatus
1924 1745 1967 1792 est
1991 1737 2089 1804 burana
2116 1741 2236 1795 emunda

616 1832 759 1877 amanum.
776 1816 846 1875 lluic
864 1833 985 1889 wngrue
1002 1816 1177 1888 praemittitur
1189 1815 1270 1873 lectio
1285 1817 1320 1872 de
1341 1815 1405 1872 liliis
1452 1822 1507 1878 rita
1522 1824 1626 1893 peceati
1640 1833 1668 1880 et
1681 1824 1818 1892 miseriae,
1834 1827 1861 1881 in
1874 1843 1958 1898 quarn
1973 1829 2068 1901 lapsus
2080 1842 2125 1887 εει
2137 1830 2236 1899 bnmo;

616 1914 699 1970 lsrael
711 1912 867 1968 dicentibus
891 1911 924 1966 ad
952 1909 1064 1981 lloysen
1086 1908 1148 1964 :lla
1172 1910 1246 1964 nobis
1260 1926 1359 1980 spuunt
1369 1909 1402 1974 ”,
1455 1912 1535 1969 tertia
1549 1913 1601 1970 erit
1628 1914 1682 1971 rita
1704 1916 1919 1974 immortalitatis
1935 1928 1964 1975 et
1979 1919 2088 1991 gloriar,
2103 1922 2139 1977 ad
2154 1937 2236 1993 guam

616 2008 682 2078 qui,
697 2004 894 2061 liretdillidens
905 2003 981 2072 virga
996 2002 1039 2056 bis
1049 2002 1153 2057 silicem
1168 2004 1316 2071 percussit,
1331 2003 1404 2058 unde
1452 2007 1621 2082 reparalp'tur
1633 2009 1732 2073 bomo;
1747 2024 1798 2065 nos
1811 2009 1895 2082 igitur
1917 2011 1946 2065 in
1969 2011 2057 2068 media
2069 2012 2129 2069 rita
2140 2028 2236 2070 sumas

615 2113 732 2169 egresse
754 2106 818 2153 sunt
839 2111 918 2165 aquae
939 2094 1111 2165 turpissime.
1137 2092 1244 2165 lloyses
1266 2094 1403 2166 siguificat
1453 2099 1481 2154 in
1497 2107 1601 2168 morte;
1617 2099 1682 2171 quia
1699 2099 1755 2155 rita
1778 2101 1882 2171 peceati
1905 2102 1994 2159 media
2013 2117 2089 2161 mors
2109 2114 2152 2162 est
2175 2106 2237 2162 rita

615 2190 758 2247 Judaieum
781 2188 912 2259 populum
945 2187 1133 2253 incredulum,
1155 2185 1274 2257 populus
1306 2186 1402 2242 sitiens
1418 2162 1577 2261 Bjustitiae,
1591 2199 1619 2247 et
1632 2191 1694 2247 ideo
1706 2195 1856 2263 querimus
1874 2194 2045 2263 adiutorem:
2058 2197 2102 2252 rel
2114 2212 2132 2255 o
2146 2197 2236 2258 tidelia

615 2298 701 2353 genus
715 2282 881 2347 humanum,
905 2292 981 2350 petra
1004 2277 1185 2344 Cbristum⁸’,
1199 2293 1280 2350 quem
1295 2277 1401 2350 lloyses
1450 2283 1505 2337 rita
1521 2282 1624 2348 media,
1643 2282 1670 2337 id
1682 2291 1724 2339 est
1738 2297 1836 2354 sperne
1847 2286 2006 2356 temporalia
2020 2286 2101 2345 bonis
2123 2290 2235 2349 malim

616 2373 658 2427 bis
675 2371 828 2442 percussit,
841 2384 903 2425 cum
919 2368 948 2423 in
965 2369 1055 2424 crucis
1075 2366 1184 2423 duobus
1205 2367 1287 2438 lignis
1298 2381 1402 2438 appen-
1451 2377 1616 2443 communia,
1639 2377 1703 2448 quia
1725 2378 1753 2432 in
1770 2387 1857 2434 morte
1881 2394 1994 2448 sumus,
2010 2380 2129 2454 ideoque
2146 2392 2175 2439 ιε
2189 2384 2235 2441 ad·

614 2464 694 2530 dit⁸¹,
707 2472 767 2532 post
778 2462 982 2531 percussionem
996 2475 1068 2530 aqua
1082 2460 1170 2515 sancti
1183 2457 1303 2529 Spiritus
1317 2460 1400 2517 iuun·
1448 2468 1578 2538 intorem,
1594 2467 1720 2536 bomine,
1732 2471 1913 2539 postulamus.

614 2556 699 2612 darit.
721 2552 802 2609 lesus
824 2553 916 2623 itaque
940 2551 1087 2622 fatigatus,
1109 2551 1186 2623 virga
1199 2566 1357 2621 percussus,
1372 2554 1400 2607 in
1737 2559 1852 2617 CAPUT
1872 2559 1939 2618 vm,

614 2648 726 2703 introitu
744 2665 751 2701 :
778 2644 836 2700 Fac
863 2644 1002 2710 memm⁸¹,
1019 2643 1048 2698 in
1061 2643 1186 2715 graduali
1202 2660 1209 2698 :
1224 2641 1259 2697 la
1272 2642 1328 2698 tren
1342 2660 1400 2714 spe-
1572 2667 1699 2709 nnannca
1724 2668 1830 2717 ortanus
1850 2668 1876 2709 ur
1895 2669 2109 2718 oumascssraa.

614 2740 717 2806 rnnit⁸⁸,
731 2740 758 2794 iu
774 2738 910 2794 offerenda
926 2756 933 2792 :
947 2735 1092 2800 Intenddl,
1105 2746 1132 2792 et
1143 2736 1172 2791 in
1186 2737 1398 2793 communione:
1484 2743 1603 2812 usare,
1626 2745 1809 2812 Hierusalem,
1824 2754 1849 2800 et
1864 2757 2019 2802 consentanr
2036 2748 2119 2819 [scite
2129 2765 2232 2814 unna,

615 2831 814 2899 ostitiarit⁸⁸,
831 2845 914 2886 crans
936 2843 987 2899 pro
1012 2828 1112 2900 populo
1126 2843 1400 2900 sesesunsquecon-
1448 2836 1494 2905 qai
1515 2835 1627 2906 diligitis
1651 2834 1750 2890 esna⁸⁸.
1769 2833 1864 2890 Omnis
1890 2836 2005 2894 scientia
2028 2841 2173 2912 proprium
2193 2842 2232 2896 lo·

613 2927 729 2983 solatur.
1447 2926 1565 2996 quendi,
1590 2926 1746 2992 scribendi,
1771 2926 1944 2998 signiticandi
1966 2931 2092 2990 continet
2116 2932 2230 2989 idioma.

649 3021 769 3078 Sabbato
782 3021 881 3092 legitur
904 3016 1111 3089 Evangelium‘'
1126 3015 1161 3072 dc
1175 3016 1291 3074 muliere
1303 3016 1400 3087 depre·
1450 3013 1527 3072 Sicut
1538 3015 1673 3074 familiare
1685 3028 1727 3074 εει
1739 3020 1872 3094 theologis
1886 3035 2063 3080 numerorum
2077 3023 2232 3080 inimicitias

614 3116 699 3172 bensa
713 3115 741 3169 iu
763 3113 915 3179 adulterio,
942 3111 975 3167 de
998 3111 1080 3180 cuins
1103 3109 1238 3166 sententia
1255 3110 1399 3166 Scribeet
1449 3110 1605 3179 praeterire,
1621 3111 1662 3167 sic
1686 3127 1735 3182 per
1758 3114 1882 3182 eiusdem
1899 3115 2108 3188 appellationis,
2131 3117 2232 3174 reida·

612 3206 742 3266 Pharisaei
755 3202 901 3260 bominum
911 3201 1198 3272 erraverunt,stpro
1211 3200 1398 3258 misericordia
1448 3202 1656 3258 monstrationis
1684 3219 1814 3262 numeros
1835 3207 1908 3264 idem
1936 3209 2039 3280 pariter
2060 3209 2231 3282 significare,

613 3301 681 3373 legis
702 3299 824 3357 obviaret
845 3297 976 3368 iustitie,
992 3295 1034 3351 rel
1050 3309 1100 3368 pro
1119 3294 1226 3365 institia
1249 3293 1398 3350 declinaret
1449 3293 1643 3366 rerblgratia,
1667 3311 1716 3353 sex
1739 3312 1822 3369 opera>
1835 3299 2030 3358 misericordia
2043 3301 2231 3375 signiticaatar

612 3390 847 3456 misericordiam,
860 3389 962 3460 quibus
976 3388 1018 3444 sic
1035 3387 1125 3444 nscia·
1139 3374 1320 3444 mansuetudo
1334 3401 1396 3443 eum
1447 3402 1497 3458 per
1511 3385 1563 3452 lt,
1578 3398 1604 3444 et
1616 3387 1682 3456 tlt,
1697 3398 1725 3446 ct
1736 3406 1785 3460 per
1799 3406 1848 3448 sex
1864 3391 1909 3462 C.,
1926 3408 1974 3450 sex
1984 3395 2082 3451 millia.
2096 3393 2180 3455 Salus
2192 3408 2231 3455 ta·

609 3484 734 3556 justitia,
750 3495 782 3538 ut
797 3481 987 3538 recedentibus
997 3479 1224 3546 accusatoribus,
1238 3494 1311 3550 nuos
1330 3493 1432 3560 cau-c
1447 3495 1510 3536 men
1535 3479 1709 3551 perlectionis
1733 3494 1879 3554 augmento
1903 3500 1954 3556 pro
1980 3486 2105 3545 adaucta
2118 3489 2228 3548 dandis

612 3577 708 3632 terlata
720 3575 857 3631 subtrabit
870 3573 1054 3638 conscicntia,
1078 3573 1144 3628 soiae
1162 3578 1325 3627 remaneant
1344 3571 1397 3627 mi·
1446 3570 1642 3629 additamento.
1658 3572 1835 3648 Septuaginta
1852 3576 1935 3648 igitur
1956 3593 2044 3635 annos
2060 3577 2229 3653 Babylonica

611 3670 684 3726 seria
697 3676 726 3724 et
737 3667 937 3724 misericordia.
951 3664 1020 3722 lluic
1033 3663 1180 3736 Evangelio
1191 3679 1312 3736 congrue
1323 3679 1395 3736 prae·
1445 3662 1629 3733 captivitatis,
1643 3663 1715 3719 sicut
1729 3678 1779 3733 per
1802 3665 1974 3735 septuaginta
1998 3665 2079 3734 dies,
2099 3676 2128 3722 et
2151 3682 2229 3738 snpra

611 3762 727 3817 mittitur
749 3759 830 3818 lectio
844 3758 980 3826 danielis,
995 3757 1121 3828 quamvis
1145 3753 1328 3830 Hieronymus
1352 3754 1395 3812 di·
1444 3752 1581 3818 disimus,
1597 3752 1638 3808 sic
1659 3752 1742 3809 etiam
1768 3763 1796 3809 et
1810 3767 1860 3825 per
1873 3764 1978 3824 septem
2000 3751 2229 3812 dominieasme-

610 3862 655 3909 cat
677 3852 749 3923 quod
775 3865 830 3906 uon
846 3849 1000 3906 inveniatur
1014 3850 1041 3904 iu
1054 3846 1199 3914 debraico,
1215 3849 1261 3904 ubi
1274 3848 1393 3920 legitur:
1444 3853 1534 3900 morat
1545 3841 1688 3910 Ecclesia,
1704 3842 1821 3913 primam
1836 3858 1974 3913 quarum,
1992 3859 2057 3900 cum
2071 3844 2109 3903 sit
2131 3845 2168 3903 ab
2180 3845 2229 3902 irae

610 3943 734 4000 Susanna
755 3959 772 3996 a
795 3940 866 4010 iolas
879 3940 1063 3995 amaricatione
1076 3939 1203 3994 maturis·
1224 3936 1274 3994 bet
1292 3938 1394 3994 casilia
1444 3934 1539 3991 ultima
1562 3935 1678 4005 septima
1700 3933 1935 4008 Septuagesimam
1947 3944 2045 4006 vocat,
2063 3944 2093 3994 et
2106 3946 2226 4003 sestam,

610 4034 818 4101 tiberctn⁸',·at
833 4034 879 4089 ilia
896 4048 943 4103 per
957 4032 1192 4097 misericordiam,
1208 4031 1260 4087 ista
1274 4046 1341 4087 aero
1354 4029 1395 4086 la·
1444 4025 1666 4098 sexagesimam,
1701 4026 1826 4098 quintam
1852 4024 2129 4099 Quinquagesimam.
2159 4026 2225 4096 Quia

609 4127 774 4198 pidatiuuem
787 4127 874 4182 erasit
889 4141 938 4196 per
949 4125 1095 4196 justitiam.
1119 4122 1147 4179 ln
1163 4124 1216 4180 boc
1227 4136 1293 4194 ergo
1304 4122 1394 4179 oiilcio
1442 4117 1526 4188 igitur
1535 4117 1654 4188 populus
1678 4117 1705 4172 iu
1721 4117 1768 4173 ilia
1783 4119 1992 4190 septuagenaria
2013 4119 2173 4193 captivitate
2183 4137 2226 4178 εε-

609 4220 721 4276 obviant
741 4218 794 4275 sibi
809 4218 911 4274 raritas
928 4227 956 4273 et
971 4214 1195 4273 miscricordia⁸⁸
1210 4215 1306 4270 ecdem
1324 4228 1394 4285 prae-
1442 4209 1497 4276 dit,
1512 4218 1540 4264 et
1554 4207 1628 4265 derit
1642 4224 1724 4280 super
1737 4207 1849 4265 flumina
1862 4208 2060 4283 Babylonis⁸¹;
2075 4221 2105 4269 et
2115 4211 2147 4269 ln
2163 4213 2223 4279 nae,

609 4312 680 4367 sidio
695 4310 804 4382 pietatis
822 4309 945 4364 insimili
959 4324 1037 4377 sexu,
1052 4307 1100 4364 sed
1114 4305 1271 4377 disparibus
1289 4305 1392 4363 causis.
1441 4300 1513 4372 Cyro
1525 4300 1719 4371 permittente,
1734 4301 1904 4359 letabundus
1927 4302 2032 4373 exirit,
2045 4311 2074 4361 et
2084 4305 2224 4374 gratulans

609 4397 730 4470 lltraque
748 4399 831 4469 igitur
849 4400 952 4454 cratin
968 4398 1103 4464 introitu,
1126 4397 1220 4454 dicens
1237 4413 1246 4453 a
1266 4395 1392 4463 law,
1441 4393 1610 4451 llierusalem
1635 4395 1799 4463 introirit¹⁸,
1818 4396 1881 4453 idco
1907 4411 1971 4453 cum
1988 4396 2023 4453 ia
2052 4399 2145 4470 prima
2170 4397 2223 4456 llo·

606 4490 802 4554 etoiierenda,
817 4489 970 4553 Greasua³⁸,
988 4491 1015 4545 in
1031 4490 1154 4561 graduali
1169 4505 1234 4546 vero
1248 4503 1392 4546 εεεοιιεο·
1440 4487 1544 4571 miniea
1564 4487 1682 4557 populus
1701 4488 1854 4558 captiratus
1884 4487 1989 4545 ίιειειίι
2014 4488 2140 4548 dicens:
2166 4488 2224 4547 Cir·

605 4583 722 4649 latur⁸¹,
738 4583 894 4639 manento
910 4582 944 4639 de
957 4583 1098 4652 evangelio
1109 4586 1238 4638 sumitur.
1254 4581 1286 4637 ln
1300 4581 1387 4650 buius
1440 4578 1628 4632 censuerant
1644 4576 1732 4644 me⁸',·
1745 4587 1772 4634 et
1787 4577 1815 4633 iu
1829 4578 1951 4635 mcunda
1973 4580 2096 4638 onremt
2108 4581 2220 4640 diosas:

607 4676 712 4733 sabbati
724 4676 899 4744 completorio
911 4675 1074 4746 antiphona:
1086 4675 1178 4730 ledis
1190 4677 1391 4740 ritacantatur,
1440 4669 1561 4742 Exsurge
1574 4669 1729 4738 bantaett,
1753 4671 1782 4726 in
1806 4671 1886 4728 tertia
1908 4685 2018 4744 guoque
2042 4675 2164 4731 onrsrit
2183 4674 2222 4730 di·

605 4784 639 4824 ec
650 4769 723 4839 quod
736 4784 809 4824 nunc
827 4769 952 4823 mediana
973 4765 1194 4839 Quadragesimae
1213 4769 1327 4840 incipiat
1345 4785 1391 4825 se-
1439 4779 1506 4822 ceus
1521 4781 1528 4821 a
1544 4763 1610 4819 Esto
1624 4764 1731 4844 mm·
1751 4764 1780 4819 in
1803 4772 1902 4835 quarta
1915 4765 2134 4825 consolationem
2147 4780 2221 4825 asoa·

605 4857 746 4928 ptimana;
766 4858 814 4928 qui
831 4873 896 4913 vero
910 4872 971 4913 mm
986 4859 1014 4912 in
1030 4860 1193 4929 precedenti
1211 4858 1309 4929 quinta
1322 4859 1390 4915 teria
1406 4865 1428 4920 b
1441 4857 1531 4928 perit,
1542 4857 1650 4913 dicante
1661 4855 1779 4912 Domino
1795 4874 1802 4910 :
1819 4854 1957 4912 lacessiit
1967 4872 2024 4924 sas,
2039 4865 2067 4913 st
2083 4873 2133 4931 apa
2146 4873 2221 4915 sasa-
2265 4862 2267 4883 ²

604 4957 734 5016 anuas,
752 4963 897 5004 numerum
919 4948 1027 5004 dierum
1044 4949 1158 5020 iejuniis
1171 4949 1333 5007 afflictorum
1349 4963 1390 5006 at·
1440 4949 1514 5004 dana
1525 4949 1626 5016 eans·¹,
1641 4951 1670 5004 in
1682 4949 1778 5019 quinta
1793 4963 1905 5020 quoque
1927 4948 2047 5004 orationi
2059 4963 2162 5008 rursus
2181 4950 2219 5006 ia-

603 5040 729 5096 tendant.
751 5036 827 5095 llanc
842 5041 933 5110 itaqua
958 5039 1131 5096 scholasticis
1145 5041 1213 5097 riris
1227 5042 1279 5096 sub
1299 5040 1390 5098 breri-
1440 5039 1540 5095 stiterit
1554 5039 1648 5096 dicens
1663 5055 1670 5094 :
1689 5038 1862 5094 matrem
1871 5039 1893 5072 ⁸⁸
1906 5039 1935 5094 iu
1949 5047 2026 5096 sesta
2040 5053 2111 5097 raro
2121 5078 2132 5109 ,
2142 5040 2218 5097 {lano

603 5130 698 5201 loquio
712 5131 842 5185 duximus
856 5130 1061 5199 exponendam:
1077 5128 1166 5184 Media
1175 5131 1244 5197 maa,
1261 5128 1389 5187 Cirr-istus
1440 5133 1577 5189 licentiam
1602 5132 1759 5197 tribuente,
1779 5131 1997 5188 consolationem
2019 5131 2218 5192 damroesisss

603 5233 665 5287 cst,
679 5223 736 5292 ipse
749 5223 822 5278 enim
837 5231 878 5277 est
889 5222 1022 5277 mediator
1034 5220 1082 5278 bei
1093 5230 1121 5277 et
1133 5222 1273 5276 bominum
1283 5221 1318 5287 ⁸¹,
1331 5223 1388 5291 ipse
1439 5223 1607 5294 perceperit,
1624 5223 1740 5292 ideoque
1752 5222 1848 5278 diuiti
1864 5221 1941 5278 Orati
1958 5220 2048 5291 mei“,
2066 5221 2099 5280 iu
2116 5223 2218 5283 bassa·

605 5334 615 5367 ι
631 5317 685 5382 aia,
703 5316 803 5372 veritas
813 5324 837 5369 et
854 5314 973 5381 i·ita⁸⁸,›
991 5315 1049 5386 ipse
1061 5312 1172 5385 quidem
1183 5324 1312 5380 mactus,
1329 5315 1388 5385 ipse
1439 5314 1718 5386 ptimana,tanquam
1734 5313 1761 5367 in
1775 5312 1828 5367 line
1841 5310 2055 5384 Septuagesimar
2067 5310 2217 5385 inmadim

602 5406 691 5473 Deus,
707 5407 765 5476 ipsc
787 5406 909 5472 lords⁸⁸,
932 5408 991 5476 ipse
1006 5405 1163 5462 misericors
1176 5413 1204 5461 et
1220 5406 1341 5461 salrator
1349 5406 1384 5461 ⁸¹.
1437 5403 1589 5460 Jerusalem
1604 5402 1820 5475 gratulabundus
1832 5402 1965 5470 exsultat,
1976 5402 2074 5460 dicem
2085 5421 2095 5459 a
2106 5402 2215 5471 utam,

600 5502 641 5554 ud
659 5499 798 5555 Christum
815 5515 880 5569 ergo
893 5514 984 5555 sermo
994 5498 1143 5568 dirigitur:
1158 5496 1181 5553 0
1196 5498 1282 5552 medis
1292 5499 1347 5552 sita
1357 5497 1383 5553 id
1434 5494 1583 5551 Jerusalem
1590 5495 1623 5550 ⁸⁸.

600 5597 643 5642 est
657 5587 679 5642 0
696 5589 820 5656 Christe,
837 5589 879 5644 rel
893 5590 981 5645 media
1003 5588 1057 5643 vita
1080 5596 1174 5643 sancta
1190 5585 1311 5644 Trinitas
1324 5596 1384 5654 est,
1473 5586 1662 5659 Septenarium
1672 5601 1782 5660 garoque
1794 5587 1859 5644 ritae
1872 5588 2025 5658 presentis,
2040 5602 2105 5659 ιιιιιι
2118 5597 2213 5661 septe·

599 5695 661 5749 uuae
672 5690 714 5735 est
737 5681 766 5735 in
789 5695 819 5737 se
844 5681 916 5746 rita,
941 5688 969 5736 et
992 5681 1073 5738 nobis
1088 5683 1142 5737 vita
1159 5683 1266 5748 media,
1291 5680 1318 5736 id
1342 5690 1384 5736 εει
1435 5680 1542 5737 dierum
1555 5680 1691 5737 curriculo
1704 5679 1832 5746 uoluitur,
1844 5679 1906 5745 vel,
1921 5687 1952 5735 ut
1964 5679 2103 5748 dirimas,
2117 5687 2211 5752 sepum

599 5770 757 5837 subiciens,
777 5782 804 5826 ει
816 5773 982 5839 communis,
996 5774 1124 5844 adquam
1137 5787 1229 5828 sermo
1243 5772 1382 5843 dirigitur,
1438 5772 1560 5827 millibus
1584 5786 1722 5826 annorum
1751 5770 1911 5838 includitur,
1933 5769 1978 5827 rel
2001 5771 2095 5843 potius
2116 5781 2211 5845 septen

632 5945 778 6002 ”lnanb
816 5946 990 6003 ’'Narm.9.0.
1028 5946 1198 6002 ‘treanta
1244 5945 1352 6002 ⁸¹toan.
1375 5945 1419 6001 19.
1456 5944 1619 6003 ⁸·Psat.ss.
1661 5946 1827 6002 urantur.
1871 5947 1975 6005 “Ptol
1998 5949 2026 6006 5.
2062 5945 2207 6005 “leand
2248 5941 2267 5991 ἵ

598 6014 705 6071 ⁸·lnan.
731 6018 758 6073 8.
798 6016 955 6072 ‘'barnts.
992 6016 1158 6072 ”rsatst
1190 6017 1309 6072 ·“Psai.
1334 6017 1360 6071 ὅ.
1405 6014 1509 6072 ‘’Psal.
1536 6016 1578 6072 18.
1606 6016 1770 6074 ⁸¹Psal.22.
1819 6016 1994 6074 ultime.
2042 6016 2206 6074 ”loss-ll.
2262 6050 2267 6066 .

597 6088 736 6141 vitans.
784 6085 908 6142 ”isati
955 6087 1097 6142 “lsabb
1145 6084 1250 6142 ”unt
1280 6085 1341 6142 tas.
1380 6083 1534 6142 ”lusui
1587 6086 1688 6144 ”Psal
1714 6088 1759 6142 li.
1798 6087 1901 6146 “Psal
1931 6088 1976 6145 ts.
2031 6084 2138 6144 ‘'Psal.
2168 6085 2205 6144 bl.
2250 6082 2267 6140 l

597 6155 755 6211 ‘’inattu.
797 6156 962 6213 ⁶³l‘sal.2l.
1003 6156 1099 6211 “tntu
1139 6155 1275 6211 ‘'lsadd.
