5125 7059
463 755 498 808 73
1096 728 1261 790 ttttnsttr.
1279 755 1315 769 -·
1335 725 1401 782 ltu.
1421 724 1453 781 ll.
2049 718 2084 781 id

462 863 596 939 perpendi
608 868 708 934 potest,
730 866 863 928 errantum
878 868 990 911 necesse
1002 853 1038 909 sit
1052 850 1187 923 episcopis
1201 848 1247 904 lir-
1262 853 1284 912 A
1300 844 1435 915 proximis
1467 842 1601 911 compati,
1626 848 1716 897 mento
1743 841 1887 911 providere
1911 853 1939 899 et
1962 843 2083 901 humeris

462 971 543 1013 mare
555 969 667 1026 gressus
687 951 800 1015 montisc
818 948 1037 1018 presbytemrum
1052 950 1094 1000 εει
1106 941 1180 998 domi
1198 942 1249 996 ho·
1299 951 1383 993 onera
1408 935 1489 990 terre.
1516 933 1564 990 l'et
1588 937 1704 992 amictus
1719 935 1802 992 simul
1820 936 2046 1006 superhumerale
2057 950 2086 994 et

463 1047 533 1101 stias
555 1045 709 1107 immolare,
720 1049 748 1095 et
764 1040 824 1094 ideo
837 1053 900 1093 cum
922 1035 1031 1091 incedat
1054 1049 1178 1095 secnrus,
1194 1047 1250 1087 non
1300 1029 1434 1084 rationale
1450 1040 1543 1100 typum
1555 1028 1632 1098 gerit,
1643 1037 1669 1083 ct
1679 1029 1876 1099 perhumeralc
1889 1029 1923 1085 ad
1937 1027 2083 1098 justitiam,

463 1135 551 1191 babet
568 1135 713 1203 ligaturam
737 1131 764 1184 in
778 1129 902 1198 podibus.
925 1125 1062 1181 diaconus
1077 1125 1169 1190 hahet,
1184 1127 1250 1195 quia
1301 1134 1350 1190 per
1364 1120 1497 1174 rationale
1510 1121 1627 1189 pertinet
1648 1119 1681 1172 ad
1696 1119 1868 1190 sapientiam,
1887 1121 2006 1192 ideoque
2019 1123 2088 1194 tegit

463 1243 548 1284 suum
570 1235 613 1281 cst
625 1226 664 1279 ire
677 1225 705 1278 in
723 1223 865 1277 comitatu.
882 1219 995 1291 blystiee
1011 1221 1068 1274 haec
1082 1226 1126 1273 εει
1139 1227 1251 1288 aposto-
1302 1220 1398 1283 pectus
1408 1221 1436 1266 et
1448 1211 1586 1269 humeros.
1599 1208 1648 1264 Vel
1661 1227 1710 1281 per
1720 1212 1862 1277 amictum,
1876 1211 1953 1270 nocis
1967 1213 2088 1281 intellige

463 1320 558 1374 lorum
573 1314 744 1387 pradicatio,
759 1328 814 1382 qua
837 1326 886 1381 per
900 1309 1021 1364 litteram
1043 1308 1199 1363 carnalibus
1209 1317 1251 1360 tc·
1301 1303 1517 1374 castigationem,
1530 1302 1593 1372 tegit
1603 1301 1677 1356 cnim
1692 1302 1791 1357 collum
1806 1318 1939 1374 organum
1951 1305 2043 1371 vecis;
2060 1315 2089 1360 et

463 1411 549 1482 gitur,
570 1424 620 1479 per
638 1407 798 1476 allegoriam
820 1403 941 1459 ecclesiia
957 1401 1112 1473 petentibus
1133 1398 1253 1456 denuda·
1303 1393 1498 1464 cogitationum
1515 1393 1763 1463 compressionem,
1780 1393 1865 1464 cingit
1889 1395 1963 1449 onim
1980 1404 2088 1466 motos·

464 1512 521 1567 tur,
538 1500 581 1554 rel
593 1499 693 1569 partim
706 1496 825 1551 trudatur
839 1504 867 1550 ει
881 1494 998 1564 tegitur;
1014 1492 1078 1564 qrria
1090 1492 1253 1562 predicator
1302 1493 1330 1540 et
1343 1486 1487 1541 oculorum
1505 1486 1570 1556 tegit
1580 1497 1733 1556 aspectam.

464 1590 592 1647 coelestia
606 1604 661 1645 non
685 1588 766 1646 debet
780 1585 959 1651 abscondere,
973 1599 1024 1640 nec
1039 1583 1158 1640 terrenis
1184 1584 1254 1638 ulla·
1338 1578 1417 1645 Alba,
1432 1592 1494 1649 qum
1519 1576 1546 1631 in
1571 1576 1628 1649 lege
1650 1577 1754 1643 tunica,
1773 1579 1815 1633 rel
1836 1579 1941 1646 talaris,
1956 1578 1998 1636 rel
2013 1579 2086 1651 apud

465 1697 548 1742 tenus
560 1684 679 1749 inrum,
690 1684 737 1755 qut
748 1680 859 1754 msere
872 1679 1082 1753 pompanium
1094 1685 1252 1734 „peiorum
1303 1669 1413 1726 Grecos
1426 1671 1530 1740 poderis
1554 1671 1715 1740 appellatur,
1731 1672 1816 1729 restis
1826 1680 1869 1727 cst
1883 1674 1954 1739 atha,
1976 1673 2091 1729 (lescen⁴

464 1776 603 1848 exempla,
617 1791 737 1847 quorum
759 1774 812 1830 luit
826 1772 1005 1838 conscientia,
1022 1785 1070 1826 seu
1089 1770 1145 1824 vita
1159 1783 1252 1825 coram
1303 1762 1371 1817 dens
1385 1777 1472 1832 nsque
1483 1761 1518 1817 od
1529 1761 1610 1829 talos,
1628 1761 1731 1817 hahens
1743 1763 1882 1832 caputium
1899 1779 1960 1819 eum
1975 1764 2090 1835 lingula,

465 1871 521 1927 beo
546 1871 667 1941 puritate
683 1867 817 1933 catidida,
844 1881 936 1922 eoram
951 1864 1109 1921 bominibus
1124 1864 1212 1933 nigra,
1225 1863 1252 1918 ld
1303 1855 1396 1910 modio
1408 1863 1595 1925 angustatum,
1610 1853 1638 1908 in
1653 1857 1825 1912 extremitate
1840 1857 1935 1913 multis
1955 1857 2091 1914 commis·

465 1971 507 2018 est
531 1962 688 2017 hnmilitate
701 1960 823 2029 deiectu
846 1957 889 2013 uel
907 1957 1002 2023 rubea,
1015 1957 1041 2011 id
1056 1965 1099 2011 est
1120 1955 1254 2011 charitate
1304 1947 1377 2002 suris
1391 1947 1529 2003 dilatatur.
1544 1944 1606 2002 lhec
1618 1955 1659 2001 est
1670 1948 1802 2004 castitatis
1814 1948 1960 2015 munditia,
1973 1949 2092 2020 castiga·

465 2055 652 2119 mmmmm
679 2052 763 2109 mul„
789 2053 844 2118 pig,
859 2051 952 2106 mun?
966 2049 1108 2106 gengggae
1125 2066 1134 2112 3
1148 2058 1205 2104 ,ηις
1220 2051 1254 2104 1..
1305 2041 1489 2111 tiocorporis,
1503 2055 1556 2111 qua
1574 2048 1631 2096 tota
1648 2041 1701 2095 rna
1717 2040 1869 2097 sacerdotis
1882 2052 1924 2098 est
1935 2042 2092 2099 decoranda

465 2163 523 2202 ncae
538 2155 623 2201 sunt:
636 2145 702 2209 Lex,
723 2144 864 2215 prophetia
880 2152 907 2198 ει
924 2141 1115 2212 evangellum
1128 2141 1253 2198 laterales
1305 2134 1422 2190 finaliter
1432 2144 1460 2188 ct
1470 2144 1685 2204 perseveranter,
1699 2143 1729 2190 ut
1743 2135 1883 2192 ministros
1893 2136 1985 2192 {eterni
1998 2135 2092 2206 Regis,

467 2239 556 2310 legem
572 2246 601 2293 ει
614 2236 799 2307 prophetiam,
814 2235 902 2290 media
926 2249 992 2288 sero
1007 2233 1142 2304 signideat
1165 2232 1255 2288 Eron-
1268 2199 1291 2256 B
1305 2226 1409 2284 seilicet
1430 2227 1553 2297 angelos,
1567 2225 1595 2281 in
1621 2226 1690 2281 albis
1705 2226 1827 2282 restibus
1848 2228 1979 2284 imitetur.
2002 2229 2094 2300 Capu-

466 2333 581 2402 geliura.
601 2330 754 2384 buaelinem
768 2329 801 2382 ad
814 2327 968 2382 medianam
987 2325 1171 2396 replicantem
1190 2325 1254 2396 qula
1304 2318 1373 2373 tium
1388 2325 1432 2373 εει
1444 2317 1581 2390 professio
1602 2317 1747 2374 castitatis.
1770 2317 1885 2390 Lingula
1911 2331 1952 2376 εει
1971 2332 2094 2392 potestas

466 2425 506 2480 lex
519 2422 704 2494 etprophctia
722 2423 749 2476 in
764 2420 912 2492 Evangelio
928 2419 1156 2490 recapitulantur.
1173 2419 1255 2476 Gem·
1305 2409 1406 2481 dioduae
1420 2411 1608 2481 titttdffltiit·
1623 2429 1684 2485 tlttae
1706 2412 1772 2485 iiiii
1793 2424 1970 2470 ⁰⁰¹¹¹t¹¹¹¹³⁰⁰⁸
1994 2424 2021 2469 ⁰¹
2044 2415 2094 2468 ah·

465 2533 516 2571 gpae
531 2523 599 2571 gunt
610 2530 693 2586 opem
709 2515 854 2570 virtutum,
869 2512 993 2579 Quattuor
1007 2511 1117 2583 litlsstliae
1129 2511 1255 2568 doctrina
1306 2501 1437 2558 soit'elldtl
1451 2505 1611 2561 reconciliat
1624 2509 1790 2578 poellitelltes
1805 2508 1838 2562 ¹⁸.
1856 2507 1976 2563 castilas
1991 2506 2049 2562 ilinc
2064 2508 2094 2562 i!

465 2616 532 2662 sunt
544 2605 785 2662 testamentorum
800 2606 955 2660 docentium
969 2620 1020 2660 nos
1033 2621 1049 2660 a
1062 2604 1179 2660 terrenis
1193 2619 1255 2659 sur·
1308 2596 1399 2651 modio
1414 2597 1535 2654 notionis
1558 2615 1650 2670 pravae
1671 2613 1753 2672 atque
1767 2617 1904 2672 perrcrsae
1918 2602 1941 2634 ¹⁸
1953 2604 2093 2672 pressuris
2123 2645 2126 2652 .

465 2713 538 2768 gere,
555 2713 609 2753 nec
622 2699 663 2752 ets
674 2697 779 2752 inhiare
792 2705 819 2751 et
831 2697 864 2753 ad
879 2697 1000 2753 coetegitg
1012 2713 1063 2754 ρος
1077 2697 1181 2768 erigere
1192 2714 1200 2763 ;
1212 2695 1254 2751 vel
1306 2687 1492 2744 mundialibus
1510 2700 1681 2759 cnarctatur;
1703 2688 1791 2748 sedin
1806 2694 1939 2749 charitate
1959 2694 2094 2764 multipli-

465 2788 807 2860 linguiaeasandaliopum
829 2788 906 2844 corio
921 2798 1142 2860 sppgrggaeffiunt
1156 2789 1256 2860 lingum,
1307 2779 1377 2835 natis
1402 2781 1548 2837 virtutibus
1572 2782 1712 2840 dilatatur.
1729 2783 1791 2840 iloec
1809 2785 1919 2854 siringii
1943 2801 2042 2842 mallus
2066 2796 2095 2843 ei

464 2881 612 2936 hominum
636 2881 877 2953 praedicationibus
903 2883 975 2939 teng
1006 2884 1162 2940 gesgimfflpg
1177 2884 1256 2940 01111.
1307 2871 1432 2935 brachia,
1447 2876 1560 2945 nequid
1576 2876 1731 2941 lasciviant,
1747 2894 1835 2949 genua
1853 2894 1888 2934 ne
1910 2877 1945 2933 ab
1961 2878 2095 2936 orationis

465 2974 603 3042 bentium,
626 2974 690 3030 iicet
706 2975 762 3031 sint
779 2985 937 3047 separataea
953 2977 1161 3033 conversatione
1175 2976 1257 3047 spiri·
1308 2962 1437 3020 intimidi
1454 2975 1572 3037 tedoini»
1583 2969 1664 3024 tibiis
1676 2977 1703 3025 0²
1714 2969 1807 3040 pedes,
1820 2985 1855 3025 ¹¹0
1869 2969 1902 3025 od
1915 2971 2017 3026 mnium
2030 2986 2096 3026 cur·

467 3066 584 3122 seatium
603 3077 730 3138 :oporice
746 3068 819 3124 enim
843 3084 891 3125 ως
906 3070 1006 3124 hanefe
1018 3071 1119 3125 ippum
1133 3070 1253 3127 geggtmo.
1309 3066 1380 3113 rant.
1398 3057 1460 3115 liae
1479 3061 1563 3116 restis
1577 3060 1643 3116 olim
1671 3063 1723 3118 luit
1736 3074 1822 3129 arcta,
1842 3063 1974 3133 qnoniam
1990 3063 2097 3120 habuc·

467 3160 543 3215 „gum
556 3160 594 3215 :h
610 3159 654 3216 mg
669 3160 716 3232 qui
731 3159 800 3216 foris
814 3171 878 3217 sung
888 3161 921 3216 ιι,
944 3160 1071 3232 rigam„
1095 3164 1256 3234 mysgfflgm
1309 3152 1376 3204 r'nnt
1387 3149 1512 3220 spiritum
1525 3153 1680 3222 seri-hutis;
1695 3165 1866 3211 nuneautem
1876 3155 1960 3227 larga,
1975 3156 2097 3227 eoquod

467 3260 507 3308 εει
520 3251 734 3318 incarnationis,
748 3253 938 3324 multiplicatio
954 3253 1092 3323 ligationis
1105 3265 1147 3311 est
1161 3270 1257 3326 snper·
1311 3243 1467 3313 'ecepimus
1481 3244 1608 3314 spiritum
1622 3247 1777 3319 ad⁰lt²i⁰¹¹i³
1787 3256 1815 3303 ti
1831 3244 1966 3304 libetittiss
1984 3247 2017 3304 ⁸⁴·
2031 3248 2098 3304 Cio·

469 3345 596 3414 erogatio
619 3343 831 3414 predicationis.
847 3343 925 3410 Quod
951 3345 1077 3411 solvitur,
1090 3345 1137 3400 scd
1153 3359 1207 3399 non
1222 3360 1257 3400 ex
1310 3338 1402 3409 gulum
1418 3341 1491 3410 quod
1504 3343 1532 3396 in
1548 3343 1606 3414 lege
1617 3345 1690 3415 apud
1706 3343 1817 3401 Grecos
1835 3346 1954 3401 baltheus
1975 3343 2098 3418 appella·

468 3445 538 3502 toto,
554 3436 648 3492 innuit
668 3438 732 3509 quia
750 3453 804 3492 non
816 3453 912 3494 sumus
927 3437 1012 3508 digni,
1028 3436 1056 3492 id
1067 3446 1110 3493 εει
1124 3436 1260 3493 sudleien·
1310 3438 1367 3493 tur,
1395 3445 1450 3500 quo
1469 3431 1555 3487 lumbi
1568 3432 1731 3506 cinguntur;
1758 3444 1786 3492 ot
1807 3435 1880 3504 dibi·
1906 3452 1941 3492 Μ
1955 3436 2057 3493 deditii
2070 3444 2099 3492 ti

469 3538 510 3583 tes
534 3526 646 3582 solrere
671 3528 804 3599 corrigias
823 3527 1070 3583 calceamentorum
1097 3526 1199 3582 Christi
1214 3526 1257 3578 ¹⁸:
1272 3549 1296 3612 C
1311 3536 1434 3594 gressum
1450 3523 1591 3594 impediat,
1607 3526 1762 3593 cohibetur,
1784 3536 1828 3584 est
1844 3530 1943 3586 mentis
1958 3530 2096 3597 custodia,

469 3620 542 3689 guod
559 3630 653 3676 autem
676 3620 775 3675 alicubi
790 3629 855 3675 sunt
876 3619 979 3687 integra
1004 3632 1032 3674 ει
1056 3619 1155 3675 alicubi
1167 3618 1258 3690 perio-
1310 3617 1352 3670 rel
1369 3617 1451 3671 timor
1463 3615 1582 3682 bomini,
1597 3619 1639 3672 rel
1652 3619 1832 3690 continentia,
1847 3639 1909 3694 que
1919 3625 2012 3680 carnis
2025 3639 2097 3680 con·

470 3722 538 3778 rata,
558 3711 697 3782 significat
717 3712 791 3783 pirod
815 3711 937 3766 eoelestia
959 3722 1131 3768 sacramenta
1145 3712 1259 3782 quihus·
1311 3710 1508 3781 cupiscentiam
1535 3711 1682 3768 refrenat:
1703 3712 1776 3769 unde
1793 3715 1828 3771 ad
1842 3714 1952 3772 lumbos
1975 3717 2099 3787 ponitur,

470 3803 531 3857 dani
547 3810 615 3857 sunt
633 3802 786 3867 revelanda,
800 3801 964 3872 quibusdam
984 3817 1049 3858 sero
1063 3803 1186 3872 tegenda.
1309 3801 1409 3872 quiain
1419 3802 1526 3857 luxuria
1539 3803 1714 3861 dominantur
1730 3805 1820 3863 :uode
1830 3824 1859 3864 :e
1875 3806 1936 3864 Sint
1953 3808 2038 3863 lumbi
2053 3824 2101 3866 re·

503 3891 668 3960 ilumerale,
694 3893 768 3964 quod
793 3893 935 3948 dicebatur
956 3893 1057 3962 ephod,
1070 3892 1097 3947 in
1114 3909 1171 3964 quo
1181 3901 1260 3949 erant
1310 3895 1360 3950 stri
1374 3895 1512 3965 procincti
1521 3896 1556 3961 ⁸¹,
1569 3904 1617 3952 ret
1626 3898 1659 3953 de
1668 3897 1886 3955 diaholodicitur
1898 3917 1906 3957 :
1917 3918 1926 3952 ι
1939 3899 2102 3974 virtusejus

472 3989 526 4044 duo
552 3988 658 4059 lapides
681 4004 720 4043 ιιι
748 3988 966 4059 patriarcharum
983 3986 1093 4041 nomina
1117 3986 1260 4041 continen-
1311 3990 1338 4044 in
1349 3988 1711 4061 tumbisejus¹·.›t.unhes
1720 3995 1958 4065 crgopra‘cingere
1968 4009 2010 4050 εει
2021 3995 2102 4052 Ιιιιιιι-

472 4087 510 4137 tes
521 4080 559 4147 ¹⁸,
569 4089 600 4135 et
612 4079 682 4151 apud
695 4094 746 4136 nos
767 4088 880 4134 vocatur
898 4079 1026 4144 amictus,
1042 4077 1126 4132 restis
1137 4085 1179 4132 est
1192 4092 1260 4132 can·
1311 4081 1401 4137 riosos
1411 4080 1529 4152 impetus
1541 4080 1688 4139 refrenare.
1701 4081 1765 4139 nee
1775 4084 1885 4140 cohibet
1893 4084 2047 4142 castitatzm'
2065 4103 2101 4144 ne

472 4173 548 4238 dida,
574 4187 630 4241 qua
654 4181 746 4242 capnt,
760 4181 789 4227 et
803 4172 915 4239 collum,
935 4182 963 4227 et
988 4170 1096 4226 humeri
1120 4178 1259 4242 teguntur,
1312 4188 1361 4242 per
1375 4171 1452 4227 deria
1466 4173 1612 4239 dilabatur,
1626 4188 1660 4230 ne
1671 4182 1699 4229 et
1709 4189 1822 4246 gressus
1836 4175 1971 4231 bonorum
1987 4192 2101 4248 operum

473 4264 554 4335 cujus
568 4263 678 4320 duabus
698 4264 779 4320 lineis
796 4263 923 4319 mamilhe
938 4264 1056 4334 pectoris
1070 4264 1261 4334 accinguntur,
1313 4263 1484 4332 impediatur.
1508 4263 1705 4337 Subcingulnm
1721 4265 1794 4337 quod
1804 4266 1960 4337 perizomna
1976 4279 2103 4339 vocatur,

474 4356 509 4412 ita
527 4370 562 4411 ut
582 4370 638 4411 una
652 4370 700 4411 ora
720 4365 822 4426 pateat,
841 4357 926 4412 altera
949 4356 1041 4421 lateat,
1064 4358 1121 4411 hec
1142 4366 1185 4412 est
1199 4372 1263 4427 spes
1316 4357 1358 4410 rel
1374 4357 1680 4428 succinctorium,qriod
1693 4358 1792 4429 duplex
1805 4372 1821 4412 a
1833 4374 1902 4414 zona
1915 4361 2103 4432 dependenti·

475 4446 644 4512 caelestium,
656 4461 705 4517 pro
720 4463 774 4518 qua
793 4447 956 4503 munditiam
978 4446 1090 4512 neentis,
1105 4447 1263 4519 castigatio·
1315 4448 1426 4518 gnificat
1439 4449 1591 4506 orationem
1611 4459 1639 4505 ει
1650 4449 1797 4521 jejunium,
1812 4452 1913 4523 quibus
1928 4454 2041 4510 castitas
2054 4470 2103 4510 ro·

474 4554 537 4597 nem
566 4538 645 4594 vocis
667 4547 696 4594 et
718 4539 884 4609 operationis
914 4538 1030 4596 Domino
1055 4556 1261 4598 consecramus.
1314 4542 1438 4606 boratur,
1449 4549 1475 4595 ct
1489 4541 1549 4597 sine
1562 4542 1663 4612 quihus
1675 4542 1783 4600 difficile
1795 4548 2042 4606 conservaturam
2054 4563 2103 4620 per

474 4631 564 4703 Caput
580 4629 655 4685 enim
664 4638 708 4687 cst
720 4629 828 4685 officina
842 4631 1063 4693 mentis.collum
1078 4640 1119 4687 est
1129 4648 1263 4704 organum
1316 4631 1519 4704 subcingulum,
1533 4632 1655 4689 studium
1670 4633 1822 4705 accipimus
1838 4636 2005 4703 miserentis,
2027 4638 2103 4694 ideo·

475 4723 563 4787 nocis,
595 4720 704 4776 humeri
732 4732 796 4776 sunt
821 4721 904 4791 bajuli
935 4722 1037 4777 oneris.
1062 4721 1152 4792 Caput
1181 4723 1264 4793 igitur
1316 4734 1370 4791 quic
1389 4719 1489 4791 duplex
1511 4723 1641 4792 est,quia
1661 4723 1789 4779 convenit
1811 4726 1971 4797 unicuique,
1988 4729 2100 4799 primo:

476 4815 580 4871 amictu
600 4811 704 4869 mundo
725 4813 860 4881 remmus,
883 4829 945 4869 crim
970 4829 1020 4884 pro
1046 4829 1095 4884 spe
1110 4815 1263 4870 coelestium
1318 4811 1683 4882 antnepreprtaeniserert,
1695 4812 1794 4871 deinde
1805 4817 1938 4886 proximis
1947 4820 2102 4876 necessaria

478 4909 516 4963 ori
542 4906 699 4963 custodiam
722 4915 891 4978 apponentes
907 4906 941 4974 ¹⁸,
957 4921 1013 4962 non
1035 4907 1088 4962 nisi
1105 4907 1200 4962 laudes
1214 4907 1267 4963 ilo·
1282 4909 1305 4965 [l
1320 4901 1536 4958 misericorditer
1552 4903 1696 4975 impertiri.

479 4999 547 5055 mirri
576 5012 769 5070 personamus,
790 4998 920 5054 humeros
939 4999 1121 5069 cooperimus,
1134 4998 1199 5054 dum
1214 5012 1265 5070 pro
1355 4989 1431 5047 Stola
1446 4991 1499 5047 luit
1522 4995 1674 5066 antiquitus
1688 4997 1772 5054 restis
1797 5000 1921 5066 eandida,
1947 5000 2104 5071 pertingens

478 5109 523 5166 ,μ
536 5092 694 5149 mianum
708 5094 778 5150 ‚pgr
791 5094 904 5149 algerius
916 5108 999 5149 0120„
1014 5102 1154 5164 pompe,
1167 5096 1200 5159 u⁸
1219 5109 1266 5150 20.
1320 5085 1453 5155 usquead
1467 5086 1590 5158 vestigia,
1610 5102 1664 5158 qua
1678 5090 1842 5160 patriarche
1863 5101 1926 5148 anto
1941 5093 2028 5165 legem
2044 5103 2106 5151 uto·

478 5187 531 5242 tire
556 5185 668 5242 labores
682 5185 808 5242 subimus
819 5194 846 5242 ει
859 5186 993 5256 proximis
1012 5186 1039 5240 in
1057 5189 1266 5244 necessitatibus
1320 5177 1431 5246 bantur,
1446 5194 1527 5250 quam
1543 5180 1729 5252 primogeniti,
1741 5198 1804 5237 cum
1824 5183 2041 5242 benedictionem
2055 5204 2106 5258 tto·

479 5277 670 5334 subvenimus.
686 5276 816 5334 buarorae
830 5279 977 5334 humeralis
993 5288 1058 5334 sunt
1072 5279 1202 5349 charitas,
1217 5297 1264 5337 seu
1321 5271 1372 5327 tris
1386 5271 1550 5341 acciperent,
1572 5272 1733 5340 indotimot,
1745 5282 1773 5330 ot
1793 5272 1910 5332 Domino
1921 5278 2058 5343 victimas,
2076 5290 2108 5337 ut

422 5404 424 5410 ·
479 5372 546 5426 bdea
569 5368 745 5439 etoperatio,
757 5385 820 5440 qoae
831 5386 894 5426 cnm
909 5370 936 5425 in
959 5379 1068 5441 pectore
1082 5371 1266 5442 complentur,
1320 5363 1462 5432 pontinces
1472 5365 1630 5421 offerebant.
1646 5365 1699 5420 Sed
1712 5380 1858 5438 postquam
1870 5371 1952 5442 coepit
1965 5373 2025 5427 alba
2042 5388 2105 5442 pnr-

480 5460 548 5517 ldes
570 5468 602 5515 et
627 5461 749 5516 charitas
775 5462 948 5517 occultantur
971 5463 998 5516 ln
1026 5463 1117 5527 eorde,
1144 5463 1268 5534 operatio
1321 5455 1384 5522 itti·
1402 5466 1506 5512 niutata
1521 5467 1563 5513 est
1582 5459 1608 5513 io
1621 5468 1758 5531 tomitem.
1773 5478 1835 5533 (tom
1850 5469 1920 5520 stola
1938 5473 1965 5518 et
1981 5480 2106 5520 ommim

480 5567 546 5610 rem
562 5562 639 5625 piet
662 5554 690 5608 in
703 5569 817 5625 operum
831 5555 1008 5612 minnistane,
1036 5553 1102 5611 [tna
1122 5557 1196 5612 viggae
1218 5571 1266 5612 geu
1323 5549 1485 5617 appellatur.
1505 5550 1684 5621 Perprimam
1699 5555 1810 5623 stolam,
1831 5556 2008 5628 intelligimus
2024 5560 2104 5616 inno*

482 5645 560 5703 pm
583 5655 651 5701 ,une
669 5646 750 5702 [impr
774 5662 861 5718 poenae
881 5657 909 5702 ei
933 5649 1099 5704 desiderium
1120 5649 1193 5715 etim,
1206 5664 1269 5720 qua
1321 5640 1451 5707 centiam,
1463 5659 1525 5713 quar
1537 5643 1589 5699 luit
1603 5645 1630 5701 in
1648 5645 1738 5717 primo
1755 5648 1875 5717 bomine,
1894 5651 1940 5704 sed
1960 5665 2023 5706 cum
2044 5668 2106 5709 eaor

483 5750 595 5806 prospe
619 5735 796 5793 beatitudinis
816 5747 911 5793 arcent
936 5753 1035 5808 pravas
1058 5737 1268 5809 cogitationesa
1322 5732 1440 5801 perdidit
1456 5743 1565 5805 propter
1585 5751 1730 5808 peceatum
1745 5738 1780 5806 ⁸⁸,
1799 5756 1962 5812 recuperare
1985 5746 2108 5813 oportuit

485 5839 596 5896 pectore
620 5830 781 5885 sacerdotis.
798 5826 848 5884 tet
870 5829 1033 5900 generaliter
1057 5845 1106 5900 per
1117 5827 1268 5892 humerale,
1322 5837 1382 5878 cam
1398 5841 1445 5894 per
1465 5825 1579 5881 uitulum
1593 5831 1748 5901 saginatum
1761 5829 1794 5884 ⁸⁸.
1812 5829 1887 5889 Beati
1902 5836 1948 5904 qui
1969 5835 2039 5890 bane
2050 5845 2109 5891 sto·

488 5936 555 5976 ερας
566 5920 721 5990 accipimus
739 5920 918 5987 sacerdotate,
932 5936 988 5991 que
1004 5931 1128 5978 tenemur
1142 5935 1174 5976 ex
1189 5921 1271 5976 eorde
1322 5914 1376 5970 iarn
1393 5915 1569 5971 acriminnm
1594 5919 1655 5976 labe
1684 5920 1854 5991 custodiunt,
1879 5925 1923 5980 rel
1939 5926 2107 5981 nractrlataut

518 6118 698 6176 ”1Τὶιιι.3.
735 6116 901 6186 oleseh
929 6119 1038 6175 bnei.
1077 6117 1260 6176 ''Erodin
1298 6121 1413 6179 osset.
1435 6122 1478 6177 58.
1518 6121 1618 6179 *rost
1640 6122 1667 6179 6.
1705 6125 1970 6190 *tolerantem
2007 6122 2110 6183 ’'Piti·
2194 6169 2195 6172 ι

492 6188 589 6261 inps.
629 6189 784 6244 enemo.
822 6188 984 6246 olmeto.
1023 6187 1177 6247 ³²tenio.
1217 6191 1358 6249 voees.
1399 6193 1555 6251 omen.

642 6285 779 6348 Parnoi.
801 6285 936 6351 ccxlii.
1933 6288 1952 6349 ³
