5125 7059
775 685 931 745 suobrii,
952 684 1154 744 ttbtttcen's
1173 684 1217 740 tttt
1236 683 1349 743 sente.
1371 687 1513 746 ECCLES.
1917 691 1971 745 batt

445 801 537 860 utum·
560 801 709 860 Galliarum
733 806 898 876 episcopus.
930 805 977 875 qui
1004 802 1138 860 orationis
1152 799 1424 872 theletarchiae
1440 809 1558 872 quatuor
1574 801 1610 857 ad
1622 800 1799 864 Vulturnum,
1816 810 1844 857 et
1855 815 1972 874 quatuor

466 893 664 969 lerosolymam
688 896 812 963 veniens,
837 900 952 953 lustrata
972 897 1047 952 ouini
1064 906 1137 950 terra
1189 890 1223 944 ad
1239 889 1342 946 Eurum
1355 900 1491 962 spectant.
1511 891 1600 962 llujtu
1618 895 1646 950 iu
1660 894 1750 950 medio
1766 906 1972 951 monumentum

446 985 588 1051 nissionis,
609 985 771 1044 Damascum
795 1003 916 1060 quoque.
942 988 1138 1043 Constantinu-
1188 980 1297 1039 Domini
1311 984 1457 1040 rotundum
1469 996 1545 1057 petra
1557 988 1681 1043 excisum
1696 995 1748 1052 cst,
1770 989 1851 1058 eujus
1864 990 1974 1046 culmen

445 1117 450 1141 ‚
473 1077 678 1147 Alexandriam,
699 1081 806 1137 insulas
820 1080 905 1135 maris
919 1080 1006 1146 adiit;
1021 1078 1136 1150 patriam
1188 1076 1355 1134 intrinsecus
1382 1089 1460 1136 stans
1480 1080 1563 1137 hemo
1588 1095 1671 1135 manu
1694 1083 1855 1152 contingere
1872 1088 1972 1153 potest,

446 1171 585 1240 enaripie
601 1181 728 1240 repetens
743 1173 769 1225 ri
785 1172 954 1241 tempestatis
968 1171 996 1225 in
1010 1170 1137 1226 occiden-
1188 1167 1224 1224 ab
1242 1169 1348 1227 oriente
1359 1173 1463 1228 habens
1477 1174 1630 1236 introitum,
1655 1175 1699 1229 eui
1716 1175 1783 1246 lapis
1797 1177 1842 1230 ille
1857 1189 1974 1246 magnus

446 1262 528 1318 ittora
545 1262 693 1318 ltritanniae
706 1264 824 1329 delatus,
840 1272 903 1335 post
914 1266 999 1320 ntulta
1012 1264 1047 1319 ad
1061 1278 1138 1318 eum·
1189 1260 1333 1330 appositus
1347 1272 1398 1326 est.
1416 1262 1491 1333 quod
1505 1263 1672 1320 intrinsecus
1686 1263 1913 1320 ferramentorum
1926 1281 1973 1320 ee·

445 1357 479 1414 lei
492 1357 623 1412 lamulum
637 1356 828 1412 Adamannum
851 1357 1040 1430 presbyterum
1052 1357 1136 1422 teuit,
1188 1351 1270 1423 stigia
1284 1356 1431 1410 ostendunt
1456 1371 1543 1426 usque
1561 1357 1587 1410 in
1604 1371 1735 1427 praesens.
1755 1344 1822 1411 itam
1838 1359 1973 1414 extrinse-

445 1464 564 1520 teneque
583 1451 612 1505 in
637 1450 705 1506 loeis
729 1453 833 1509 sanctis
855 1453 936 1525 digna
951 1451 1082 1508 memoria
1097 1451 1139 1505 rl·
1188 1457 1239 1501 cus
1253 1460 1341 1516 usque
1354 1448 1386 1501 ad
1401 1448 1529 1504 culminis
1543 1449 1727 1505 summitatem
1738 1455 1824 1504 toturn
1838 1464 1973 1506 rtrarmora

446 1555 477 1598 ae
491 1541 599 1608 retulit,
614 1541 661 1597 liic
673 1542 773 1599 litteris
782 1543 805 1575 ‘⁸
821 1543 1032 1601 commendarit.
1052 1543 1139 1599 Obtu·
1188 1541 1301 1599 leolum·
1322 1551 1458 1592 summum
1480 1554 1545 1594 reto
1562 1539 1669 1594 eulmen
1687 1555 1755 1595 auro
1769 1550 1908 1604 ornatum,
1922 1558 1972 1597 au·

446 1649 492 1690 em
507 1634 608 1690 librum
621 1650 701 1691 suum
712 1635 856 1692 hblrido⁰
870 1652 934 1705 rere
944 1634 1138 1691 h'ordannbro-
1188 1641 1262 1681 ream
1281 1642 1406 1698 magnam
1427 1637 1516 1698 gestat
1529 1644 1649 1684 erucem.
1667 1627 1695 1682 lu
1711 1629 1793 1700 hujus
1809 1640 1899 1687 autem
1914 1647 1974 1686 mo·

446 1741 463 1784 a
485 1742 540 1800 quo
565 1732 647 1785 ettam
678 1731 839 1787 muneribus
860 1731 954 1786 mutus
968 1730 1096 1793 (torretur,
1111 1728 1139 1783 irr
1189 1722 1311 1777 rumenti
1325 1722 1480 1793 aquilonari
1498 1733 1575 1795 parte
1587 1724 1744 1795 sepulcrum
1762 1724 1869 1780 llonrini
1886 1726 1913 1780 in
1927 1742 1973 1780 ea·

446 1833 474 1875 rr
492 1828 535 1877 err
558 1822 701 1879 remissus,
727 1822 781 1878 sm
799 1822 1047 1894 quiaetlibellnm,
1063 1821 1139 1878 pru.
1188 1812 1250 1869 dem
1271 1822 1349 1886 petra
1375 1815 1499 1872 excisum
1521 1816 1699 1886 longitudinis
1729 1826 1832 1886 septem
1860 1819 1971 1888 pedum.

446 1922 581 1967 auctorem
603 1922 873 1982 paucosnostreruru
886 1913 984 1984 legisse
1001 1914 1044 1970 rel
1057 1926 1139 1968 nosse
1189 1906 1272 1961 trium
1294 1922 1423 1962 mensura
1444 1907 1608 1978 palmorum,
1632 1909 1788 1979 parimento
1810 1911 1891 1966 altius
1904 1912 1972 1965 emi-

446 2019 470 2059 ω
481 2019 536 2060 ron
555 2015 609 2071 031,
635 2006 765 2076 quiddam
782 2021 816 2060 er
831 2021 874 2068 ρο,
890 2008 969 2078 quas}
983 2021 1032 2078 per·
1043 2020 1140 2062 01005.
1188 2005 1247 2064 net,
1272 1997 1414 2053 introitum
1440 1999 1544 2056 habens
1560 2014 1575 2052 a
1590 2000 1673 2055 latere
1689 2001 1851 2062 rneridimm,
1869 2004 1914 2056 nbi
1930 2002 1974 2056 die

447 2095 629 2165 memmimus,
651 2096 725 2165 qued
745 2095 897 2165 legentibus
912 2098 1058 2166 plurimum
1072 2113 1139 2153 con·
1190 2101 1327 2160 noctuque
1339 2091 1482 2147 duodecim
1498 2090 1637 2162 latrrpades
1652 2091 1763 2159 ardcnt;
1776 2103 1893 2163 quatum·
1904 2095 1972 2148 intra

446 2193 588 2256 epotest3
607 2185 805 2256 instrument,
827 2189 874 2260 qui
892 2189 1007 2246 uelocis
1022 2189 1137 2253 sanetis,
1155 2157 1358 2255 ”sepulerum
1383 2194 1446 2240 octo
1468 2200 1552 2254 snpra
1575 2187 1603 2241 in
1624 2186 1747 2256 margine
1771 2187 1867 2242 dextro
1890 2189 1972 2258 lupis,

446 2275 504 2331 ihus
531 2277 702 2347 patriarchae,
731 2279 869 2349 prophetae
894 2288 922 2336 et
940 2281 1055 2352 apostoli
1075 2296 1139 2336 enm
1189 2273 1236 2344 qtri
1251 2272 1285 2328 ad
1296 2275 1397 2331 ostium
1414 2278 1582 2332 nronumenti
1598 2278 1704 2347 positus
1717 2286 1786 2340 erat,
1807 2294 1881 2333 nrrrre
1903 2279 1974 2335 hrtrs

446 2366 556 2423 heroine
581 2371 734 2426 conversati
758 2378 833 2432 sunt,
846 2386 879 2426 ea
894 2379 1012 2434 tantum,
1028 2385 1089 2442 qun
1100 2370 1140 2426 le·
1188 2373 1241 2429 est.
1256 2367 1336 2437 eujtrs
1353 2383 1417 2438 pars
1432 2369 1522 2423 nriuor
1530 2370 1693 2442 quadratum
1706 2370 1862 2425 altar-eante
1870 2374 1971 2428 ostium

447 2484 448 2507 ι
467 2459 634 2523 didicerunt,
653 2469 681 2514 et
694 2468 805 2516 norunt.
824 2459 909 2532 igitur
921 2463 955 2519 de
969 2463 1138 2528 Bethlehem,
1188 2461 1368 2517 nibilominus
1390 2461 1514 2530 ejusdem
1540 2466 1708 2519 aaronumenti
1721 2473 1786 2526 stat,
1803 2466 1891 2535 ruajer
1908 2482 1971 2521 cerri

446 2551 525 2607 temus
539 2558 581 2606 est
595 2550 857 2622 Purriaangelorum.
874 2554 902 2610 in
915 2569 970 2625 quo
983 2553 1067 2625 Virgo
1081 2554 1140 2609 eir·
1188 2555 1217 2609 in
1236 2552 1362 2608 orientali
1385 2552 1507 2620 eiusdem
1528 2553 1652 2610 ecclesie
1677 2554 1737 2609 loco
1754 2554 1971 2625 qrradrangulum

446 2663 450 2698 t
464 2641 582 2698 l'erbum
598 2643 673 2700 dese
687 2647 781 2715 genuit
795 2646 979 2712 incarnatum,
994 2647 1091 2702 scribit
1111 2645 1140 2701 ia
1188 2642 1263 2699 aliud
1277 2643 1363 2698 altare
1376 2641 1427 2698 sub
1448 2643 1654 2699 linteaminibus
1669 2644 1772 2699 existit.
1787 2642 1971 2699 colorantem

446 2737 574 2790 modurn:
1188 2734 1312 2805 ejusdem
1332 2735 1513 2801 monumenti,
1532 2743 1559 2791 et
1570 2736 1689 2807 sepulcri
1703 2737 1765 2791 albo
1777 2744 1804 2792 et
1819 2737 1973 2792 rubicunda

447 2829 548 2885 blebem
565 2832 663 2887 civitas
681 2828 766 2884 hacid
782 2830 809 2884 in
824 2829 907 2886 dorso
920 2830 972 2886 sita
986 2838 1039 2893 est,
1053 2846 1140 2903 augu-
1189 2826 1338 2896 permistus
1353 2825 1470 2882 uidetur.

450 2936 485 2979 er
506 2924 581 2979 omni
596 2933 683 2994 parte,
703 2925 822 2979 uallibus
835 2922 1016 2988 circumdata,
1031 2925 1066 2979 ab
1083 2927 1140 2981 ori·
1225 2917 1341 2974 heluco
1361 2933 1471 2989 quoque
1485 2918 1656 2976 ascensionis
1676 2917 1824 2976 Dominicae
1845 2921 1974 2992 praelatns

450 3029 468 3068 n
491 3016 661 3071 occidentem
684 3015 759 3070 mille
786 3017 913 3087 passibus
936 3016 1027 3089 longa,
1042 3018 1138 3074 tremiti
1189 3018 1287 3065 auctor
1301 3009 1353 3064 boe
1367 3010 1561 3067 modorelert:
1578 3009 1656 3067 bons
1673 3009 1814 3067 olivarum
1836 3013 1974 3069 altitudini

449 3107 561 3163 utribus
585 3123 664 3164 muro
685 3123 733 3179 per
750 3118 872 3165 extrema
885 3111 959 3181 'pani
974 3112 1140 3168 verlicisin.
1189 3101 1291 3159 molitis
1304 3099 1372 3156 Sion
1397 3117 1446 3172 W
1460 3111 1513 3169 081,
1530 3101 1578 3159 sed
1598 3103 1741 3158 latitudine
1756 3112 1782 3158 el
1803 3105 1975 3174 longitudine

447 3213 484 3264 ος
506 3199 535 3255 in
563 3201 644 3271 errius
667 3203 766 3257 orienti
789 3204 889 3274 angulo
910 3203 990 3275 quasi
1003 3203 1139 3276 qrrnddam
1189 3203 1311 3266 prestat.
1326 3196 1450 3267 exceptis
1465 3195 1567 3250 ritibus
1581 3203 1609 3250 et
1626 3194 1705 3251 olivis
1718 3210 1782 3251 raro
1797 3196 1872 3252 ieras
1891 3196 1975 3252 arbo·

447 3293 481 3351 tle
494 3295 674 3350 semiantrum
691 3303 744 3360 est,
758 3297 839 3367 cujus
853 3299 974 3354 exterior
988 3314 1052 3369 pars
1066 3301 1139 3354 rtati·
1189 3286 1277 3346 ribus·
1299 3285 1430 3340 st¹¹¹¹¹0¹¹²i
1454 3300 1563 3357 quoque
1583 3293 1610 3340 0²
1633 3284 1728 3341 ¹¹⁰ll¹⁸l
1755 3285 1863 3346 tertttis.
1885 3302 1973 3356 ne‘1¹¹0

447 3383 608 3442 inuentorem
624 3387 708 3446 tuisse
722 3390 824 3445 merem·
838 3390 1138 3458 10003;5„10f101pfae.
1188 3378 1261 3433 enim
1281 3377 1411 3441 brucosa,
1436 3376 1483 3433 sed
1498 3377 1614 3432 herbosa
1626 3383 1654 3432 et
1666 3375 1763 3431 dorida
1775 3378 1825 3432 soli
1843 3378 1918 3432 illius
1932 3387 1974 3433 est

447 3475 543 3532 taurini
558 3479 724 3534 nominatur,
734 3478 797 3536 1120
808 3482 938 3553 spelunca
952 3491 1008 3539 ror,
1023 3483 1173 3566 puerinse
1189 3470 1318 3541 qualitas,
1343 3470 1371 3524 in
1390 3468 1471 3539 eujus
1485 3482 1594 3524 summo
1607 3468 1721 3533 vertice.
1736 3468 1782 3524 uhi
1793 3468 1926 3525 Dotrrinus
1939 3469 1974 3523 ad

448 3580 479 3623 ro
491 3575 715 3623 marmoretecta
730 3572 927 3640 superiorum,
943 3571 990 3626 ubi
1005 3568 1138 3626 Dominus
1189 3562 1276 3620 eoelos
1298 3561 1432 3626 ascendit,
1456 3559 1572 3617 ecclesia
1600 3562 1718 3614 rotunda
1744 3562 1861 3632 grandes
1880 3570 1974 3617 ternas

466 3658 613 3729 specialius
637 3659 767 3727 traditur,
785 3662 893 3717 Sancrae
905 3661 995 3717 blariae
1008 3661 1139 3733 grandem
1189 3668 1237 3723 per
1256 3651 1403 3708 circuitum
1425 3664 1579 3707 cameratas
1598 3651 1681 3706 habet
1705 3653 1831 3721 porticus
1855 3653 1974 3722 desuper

464 3751 619 3808 eeclesiam.
636 3749 753 3823 Scripsit
777 3753 842 3810 item
862 3755 914 3810 hoe
934 3754 1015 3811 modo
1031 3755 1065 3811 de
1079 3755 1140 3812 1000
1188 3753 1285 3801 tectas.
1311 3742 1427 3800 laterior
1446 3759 1564 3816 namque
1588 3745 1686 3801 domus
1712 3752 1824 3815 propter
1839 3743 1973 3799 Duritiniei

449 3844 494 3900 ais
507 3852 534 3899 et
545 3845 755 3901 resurrectionis
771 3847 874 3916 ipsius:
1188 3838 1312 3910 eorporis
1336 3846 1455 3893 meatum
1477 3838 1611 3892 camerari
1637 3845 1665 3894 et
1678 3839 1733 3909 tegi
1748 3852 1802 3892 non
1820 3839 1917 3907 potuit.
1933 3837 1975 3891 al-

448 3950 563 3993 reasusa
577 3937 783 4007 septentrionali
798 3937 1080 4011 partelerosolyrnarn
1091 3958 1141 3997 ur.
1191 3938 1250 3985 tare
1274 3929 1309 3985 ad
1333 3929 1466 3986 orientem
1482 3929 1587 3984 babens
1599 3934 1715 4000 angusto
1727 3929 1847 3983 eulmine
1859 3937 1972 3990 tectum.

448 4029 551 4084 riorum
566 4029 600 4084 de
620 4030 688 4086 loeis
709 4029 812 4086 eunetis
835 4046 885 4101 pro
908 4032 1066 4089 conditione
1080 4037 1140 4106 ptr.
1189 4023 1216 4076 in
1235 4021 1317 4092 cujus
1340 4021 1431 4077 medio
1444 4021 1539 4076 ultima
1555 4019 1663 4075 bomini
1678 4020 1794 4091 uestigia
1810 4022 1975 4078 eoelodcsu-

448 4120 666 4178 adirertendum
679 4128 723 4177 est
734 4121 768 4176 ad
782 4124 926 4180 ecclesiam
937 4125 1141 4182 Constantinia-
1190 4129 1238 4183 W
1251 4121 1371 4183 welle·
1389 4113 1435 4169 ubl
1449 4112 1586 4178 lloendlh
1608 4112 1745 4176 ιῑῦιιῠῑιιῐ,
1759 4126 1819 4181 ‘11¹ae
1831 4128 1893 4166 ⁰¹¹¹ss
1909 4127 1975 4182 quo

448 4227 510 4284 qnae
531 4211 680 4285 Martyrum
701 4215 863 4284 appellatur,
891 4214 1139 4275 Hancconsrrnrj.
1189 4205 1471 4262 tidieacredetttibus
1484 4213 1558 4261 terra
1580 4204 1702 4267 tollatur,
1719 4204 1898 4258 nihilominus
1917 4219 1976 4258 ma·

448 4310 582 4374 operator,
595 4317 629 4360 eo
643 4303 716 4373 quod
733 4304 770 4359 tbi
785 4319 853 4361 crux
867 4305 973 4363 bomini
988 4310 1023 4365 ab
1037 4307 1139 4365 flerem
1190 4297 1265 4353 uet⁸'
1289 4296 1412 4353 eamdem
1429 4297 1519 4351 adhuc
1541 4297 1659 4366 speciem
1682 4296 1764 4351 ueluti
1778 4295 1920 4365 impressis
1934 4296 1974 4350 si-

457 4403 565 4465 reperta
575 4393 622 4457 sit,
636 4393 781 4465 magnifico
795 4405 822 4453 et
835 4398 911 4467 regio
926 4401 1001 4455 eultu
1015 4411 1140 4458 constru·
1190 4396 1271 4458 enata
1288 4386 1410 4457 vestigiis
1430 4392 1530 4440 serrat.
1553 4382 1616 4440 llaec
1640 4384 1726 4447 eirca,
1743 4399 1815 4439 aerea
1830 4391 1889 4436 rota
1901 4383 1976 4449 jacet

448 4484 518 4542 rhinc
534 4485 570 4541 ab
578 4488 832 4560 oceasutlolpotana
845 4490 956 4545 ridetur
968 4494 1095 4558 eeclesia,
1112 4496 1139 4550 in
1191 4494 1278 4549 ¹¹⁸⁴l¹¹0
1301 4478 1335 4533 Μ
1359 4478 1492 4533 cervicem
1511 4477 1577 4542 ²¹2²,
1598 4477 1632 4532 ιι)
1643 4489 1742 4530 0⁰⁰³ssss
1757 4476 1863 4530 habens
1874 4473 1969 4529 inimi·

448 4583 507 4638 tiam
531 4580 608 4653 rupis
627 4590 740 4653 apparet
755 4581 812 4644 illa,
828 4595 889 4649 quae
902 4580 1040 4650 quondam
1053 4580 1139 4654 iprum
1190 4580 1247 4626 tum
1263 4572 1399 4642 pendente
1416 4570 1534 4641 desuper
1548 4571 1576 4625 in
1587 4569 1707 4625 cochleis
1724 4581 1822 4638 magna
1839 4566 1974 4637 lampade,

448 4691 465 4730 ῃ
489 4673 597 4729 nomini
622 4689 748 4744 corpore,
769 4686 880 4728 crucem
902 4673 1023 4744 pertulit,
1039 4689 1140 4745 {rr-gen.
1189 4673 1302 4736 lotaque
1322 4663 1378 4728 die,
1405 4673 1433 4720 el
1452 4670 1534 4718 hoelo
1549 4663 1666 4718 lucellle.
1682 4659 1886 4716 lrroccidentali
1901 4660 1976 4728 ejtls·

449 4766 522 4822 nodo
534 4765 713 4837 pergrandem
727 4753 869 4821 sustinens
879 4767 1141 4836 crucern,pendente
1190 4757 1251 4814 dem
1267 4755 1391 4812 ecclesie
1409 4764 1486 4827 parte
1501 4754 1628 4811 lenestrae
1642 4763 1704 4809 octo
1722 4751 1889 4822 totidemque
1902 4767 1918 4806 e
1933 4767 1976 4806 re-

448 4873 476 4912 er
495 4871 591 4927 magna
609 4871 679 4912 aerea
702 4866 761 4911 rota
775 4855 846 4912 'eum
870 4858 1048 4929 lampadibus.
1065 4857 1137 4912 inira
1154 4851 1270 4925 bpierte
1281 4851 1422 4924 lampades
1440 4852 1467 4906 in
1479 4851 1593 4906 lenibus
1606 4849 1756 4920 pendentes
1767 4864 1854 4918 usque
1866 4846 1976 4902 leroso-

449 4961 527 5018 psum
539 4947 629 5001 locum
644 4943 794 5001 dominicae
808 4949 899 5002 crucis
913 4950 1004 5003 excisa
1025 4951 1052 5002 in
1065 4959 1140 5020 petra
1193 4952 1292 5021 lymam
1318 4964 1366 5020 per
1386 4949 1486 5003 nitrum
1508 4947 1624 5018 fulgent,
1640 4960 1757 5016 quarum
1774 4946 1820 4999 lux
1835 4944 1918 4999 eorda
1934 4943 1977 4996 in·

449 5047 519 5096 rest.
533 5039 560 5093 in
571 5054 625 5109 qtra
637 5025 720 5107 super
738 5039 826 5094 altare
838 5055 888 5110 pro
898 5040 1035 5096 deiunctis
1054 5042 1141 5096 bono·
1194 5043 1328 5098 tuentium
1353 5057 1415 5097 eum
1438 5041 1556 5110 qrradam
1571 5039 1713 5093 alacritate
1725 5047 1752 5093 et
1767 5037 1978 5107 cornpunetiono

450 5130 616 5187 saerilleiurn
633 5130 703 5184 solet
726 5129 829 5191 ollerri.
858 5134 954 5202 positis
980 5133 1088 5188 interim
1112 5133 1139 5187 iu
1192 5148 1337 5206 pavescere
1350 5133 1460 5187 dicitur.
1477 5130 1506 5186 ln
1520 5130 1754 5187 diesseensionis
1767 5128 1915 5184 hominio-e
1930 5143 1978 5197 per

472 5220 646 5289 corporibus.
670 5218 758 5289 liujus
778 5237 887 5291 utroque
901 5221 934 5276 ad
949 5238 1078 5278 oceasum
1098 5241 1141 5279 ee·
1191 5241 1278 5281 atinus
1295 5225 1418 5296 singulos
1437 5225 1522 5279 missa
1547 5234 1657 5293 peracta
1677 5221 1761 5276 calidi
1775 5221 1897 5276 l'uhuinis
1913 5235 1977 5288 pru-

462 5309 615 5371 Anastasis.
631 5310 683 5365 boe
709 5319 751 5367 est
770 5313 979 5370 resurrectionis
994 5313 1140 5370 Ιιοιιιίιιίεει.1
1193 5319 1261 5373 cella
1276 5316 1422 5373 desursum
1441 5317 1534 5371 venire
1550 5315 1702 5376 corisuetit.
1727 5323 1755 5368 et
1775 5327 1871 5367 onutes
1887 5313 1933 5381 qui
1950 5313 1978 5367 in

449 5403 476 5456 la
498 5403 627 5464 ecelesia.
649 5404 738 5459 tribus
756 5409 848 5460 cincta
862 5407 1023 5476 parietibus.
1037 5407 1142 5463 duode-
1192 5409 1309 5465 eeclesia
1328 5407 1440 5475 luerint,
1454 5415 1533 5464 terrae
1548 5415 1734 5479 prosternere.
1764 5401 1800 5459 De
1824 5403 1877 5457 situ
1894 5404 1977 5456 etiam

449 5493 564 5549 alumnis
586 5503 767 5559 sustentatur,
788 5495 860 5550 inter
880 5498 996 5566 parietes
1017 5499 1141 5570 singulos
1192 5499 1313 5564 Hebron,
1329 5507 1356 5554 et
1371 5500 1556 5554 monumentis
1571 5506 1679 5569 patruni
1695 5497 1732 5550 ita
1749 5495 1862 5551 scribit:

457 5587 560 5642 habens
581 5587 697 5656 spatium
714 5587 773 5653 vine,
789 5588 853 5659 quia
868 5591 920 5643 tria
932 5592 1027 5646 altaria
1044 5593 1071 5647 in
1092 5593 1141 5646 tri·
1227 5593 1336 5650 llebron
1349 5593 1487 5663 utrondam
1500 5590 1598 5646 ciuitas
1615 5598 1643 5645 et
1660 5587 1819 5657 metropolis
1833 5586 1908 5655 regni
1925 5583 1980 5636 lin·

449 5680 490 5734 eis
507 5679 619 5750 parietis
635 5680 715 5734 medii
734 5682 865 5744 continet,
876 5682 927 5736 hoe
938 5691 980 5739 est
996 5687 1137 5749 australis.
1191 5689 1248 5751 vid,
1266 5702 1338 5742 trune
1360 5687 1448 5742 ruinis
1471 5693 1587 5748 tantum,
1614 5682 1679 5753 quiid
1695 5688 1760 5735 tunc
1776 5680 1858 5735 luent
1881 5690 1977 5734 osten-

452 5772 576 5835 ilunaris,
598 5779 626 5827 et
647 5773 836 5831 occidentalis.
853 5773 915 5829 llaec
931 5775 974 5830 his
990 5786 1139 5847 qtraternas
1193 5782 1272 5844 dens,
1290 5795 1344 5836 uno
1362 5779 1396 5833 ad
1418 5780 1550 5834 orientem
1564 5776 1654 5832 stadio
1667 5774 1826 5844 speluncam
1838 5772 1976 5842 ‹lrrpliccnr

450 5902 462 5929 ›,
487 5863 576 5921 idest
597 5864 726 5920 introitus
742 5881 790 5937 per
806 5868 1011 5940 treseregione
1023 5872 1140 5941 parietes
1194 5873 1224 5929 in
1239 5874 1309 5929 calle
1332 5872 1424 5937 habet,
1446 5872 1492 5926 ubi
1516 5869 1640 5940 sepulcra
1665 5867 1884 5940 patriarcharum
1909 5879 1977 5934 qua·

450 6068 479 6194 {zi
495 6068 632 6207 incultius.
669 6074 704 6194 ι’·
715 6070 789 6138 prior
804 6088 898 6126 intartae
913 6074 1043 6130 orandare
1065 6079 1183 6134 curarit.
1232 6076 1254 6108 ⁸⁸
1284 6074 1303 6131 l.
1320 6072 1444 6128 hldlrido
1464 6072 1521 6155 regi
1548 6068 1851 6127 Nordanhumbrorum.
1899 6053 1979 6119 “alii

480 6181 485 6191 .
539 6157 588 6208 sup
607 6157 688 6208 acac.

500 6237 635 6299 Pareat..
655 6238 790 6302 textit.
1769 6234 1807 6296 3l
