<?xml version="1.0" encoding="UTF-8"?>
<!DOCTYPE html PUBLIC "-//W3C//DTD XHTML 1.0 Transitional//EN"
    "http://www.w3.org/TR/xhtml1/DTD/xhtml1-transitional.dtd">
<html xmlns="http://www.w3.org/1999/xhtml" xml:lang="en" lang="en">
 <head>
  <title>
</title>
<meta http-equiv="Content-Type" content="text/html;charset=utf-8" />
  <meta name='ocr-system' content='tesseract 3.04.00' />
  <meta name='ocr-capabilities' content='ocr_page ocr_carea ocr_par ocr_line ocrx_word'/>
</head>
<body>
  <div class='ocr_page' id='page_1' title='image "./mitralesivedeof00petrgoog/mitralesivedeof00petrgoog_0156.png"; bbox 0 0 5125 7059; ppageno 0'>
   <div class='ocr_carea' id='block_1_1' title="bbox 614 706 2226 772">
    <p class='ocr_par' dir='ltr' id='par_1_1' title="bbox 614 706 2226 772">
     <span class='ocr_line' id='line_1_1' title="bbox 614 706 2226 772; baseline -0.004 -1"><span class='ocrx_word' id='word_1_1' title='bbox 614 717 663 772; x_wconf 78' lang='lat' dir='ltr'>tul</span> <span class='ocrx_word' id='word_1_2' title='bbox 1108 730 1114 743; x_wconf 90' lang='lat'><strong>·</strong></span> <span class='ocrx_word' id='word_1_3' title='bbox 1141 706 1277 765; x_wconf 77' lang='lat' dir='ltr'>sicanus</span> <span class='ocrx_word' id='word_1_4' title='bbox 1297 706 1544 764; x_wconf 73' lang='lat' dir='ltr'>dltsnontlnsts</span> <span class='ocrx_word' id='word_1_5' title='bbox 1563 707 1718 764; x_wconf 67' lang='lat' dir='ltr'>fluiscunt</span> <span class='ocrx_word' id='word_1_6' title='bbox 2171 706 2226 765; x_wconf 68' lang='lat'>292</span> 
     </span>
    </p>
   </div>
   <div class='ocr_carea' id='block_1_2' title="bbox 611 821 2269 6055">
    <p class='ocr_par' dir='ltr' id='par_1_2' title="bbox 611 821 2269 6055">
     <span class='ocr_line' id='line_1_2' title="bbox 613 821 2226 904; baseline -0.006 -16"><span class='ocrx_word' id='word_1_7' title='bbox 613 830 775 904; x_wconf 86' lang='lat' dir='ltr'>praedicasse</span> <span class='ocrx_word' id='word_1_8' title='bbox 807 836 943 884; x_wconf 77' lang='lat' dir='ltr'>narretur.</span> <span class='ocrx_word' id='word_1_9' title='bbox 972 824 1042 880; x_wconf 81' lang='lat' dir='ltr'>Ecce</span> <span class='ocrx_word' id='word_1_10' title='bbox 1066 823 1131 879; x_wconf 93' lang='lat' dir='ltr'>illud</span> <span class='ocrx_word' id='word_1_11' title='bbox 1155 838 1221 892; x_wconf 86' lang='lat' dir='ltr'>ergo</span> <span class='ocrx_word' id='word_1_12' title='bbox 1248 821 1397 878; x_wconf 83' lang='lat' dir='ltr'>diuinitatis</span> <span class='ocrx_word' id='word_1_13' title='bbox 1411 826 1433 882; x_wconf 72' lang='lat' dir='ltr'>A</span> <span class='ocrx_word' id='word_1_14' title='bbox 1448 821 1527 875; x_wconf 90' lang='lat' dir='ltr'>ollicii</span> <span class='ocrx_word' id='word_1_15' title='bbox 1550 822 1602 876; x_wconf 93' lang='lat' dir='ltr'>boe</span> <span class='ocrx_word' id='word_1_16' title='bbox 1626 838 1705 894; x_wconf 82' lang='lat' dir='ltr'>agere</span> <span class='ocrx_word' id='word_1_17' title='bbox 1729 835 1854 893; x_wconf 77' lang='lat' dir='ltr'><strong>nequeat,</strong></span> <span class='ocrx_word' id='word_1_18' title='bbox 1873 836 1954 895; x_wconf 90' lang='lat' dir='ltr'>atque</span> <span class='ocrx_word' id='word_1_19' title='bbox 1976 825 2012 881; x_wconf 89' lang='lat' dir='ltr'>ita</span> <span class='ocrx_word' id='word_1_20' title='bbox 2035 824 2226 894; x_wconf 84' lang='lat' dir='ltr'>dominopapa</span> 
     </span>
     <span class='ocr_line' id='line_1_3' title="bbox 611 913 2226 993; baseline -0.005 -16"><span class='ocrx_word' id='word_1_21' title='bbox 611 936 743 993; x_wconf 87' lang='lat' dir='ltr'>organum</span> <span class='ocrx_word' id='word_1_22' title='bbox 759 921 786 978; x_wconf 91' lang='lat' dir='ltr'>in</span> <span class='ocrx_word' id='word_1_23' title='bbox 802 920 856 974; x_wconf 92' lang='lat' dir='ltr'>illis</span> <span class='ocrx_word' id='word_1_24' title='bbox 870 918 1010 980; x_wconf 85' lang='lat' dir='ltr'>salicibus.</span> <span class='ocrx_word' id='word_1_25' title='bbox 1024 916 1100 971; x_wconf 92' lang='lat' dir='ltr'>idest</span> <span class='ocrx_word' id='word_1_26' title='bbox 1113 914 1290 970; x_wconf 75' lang='lat' dir='ltr'>infructuosis</span> <span class='ocrx_word' id='word_1_27' title='bbox 1306 914 1397 969; x_wconf 86' lang='lat' dir='ltr'>horni-</span> <span class='ocrx_word' id='word_1_28' title='bbox 1446 914 1518 968; x_wconf 85' lang='lat' dir='ltr'>circa</span> <span class='ocrx_word' id='word_1_29' title='bbox 1544 913 1627 984; x_wconf 87' lang='lat' dir='ltr'>pedes</span> <span class='ocrx_word' id='word_1_30' title='bbox 1651 915 1759 969; x_wconf 81' lang='lat' dir='ltr'><strong>Domini</strong></span> <span class='ocrx_word' id='word_1_31' title='bbox 1786 925 1813 969; x_wconf 92' lang='lat' dir='ltr'>et</span> <span class='ocrx_word' id='word_1_32' title='bbox 1837 919 1994 972; x_wconf 89' lang='lat' dir='ltr'>mandatum</span> <span class='ocrx_word' id='word_1_33' title='bbox 2011 926 2157 987; x_wconf 86' lang='lat' dir='ltr'>occupato,</span> <span class='ocrx_word' id='word_1_34' title='bbox 2172 931 2226 969; x_wconf 89' lang='lat' dir='ltr'>me·</span> 
     </span>
     <span class='ocr_line' id='line_1_4' title="bbox 612 1004 2227 1085; baseline -0.007 -13"><span class='ocrx_word' id='word_1_35' title='bbox 612 1018 693 1072; x_wconf 89' lang='lat' dir='ltr'>nibus</span> <span class='ocrx_word' id='word_1_36' title='bbox 715 1013 859 1085; x_wconf 81' lang='lat' dir='ltr'>Babylonis</span> <span class='ocrx_word' id='word_1_37' title='bbox 874 1026 1035 1082; x_wconf 85' lang='lat' dir='ltr'>suspensum</span> <span class='ocrx_word' id='word_1_38' title='bbox 1045 1011 1078 1065; x_wconf 84' lang='lat'>⁸¹.</span> <span class='ocrx_word' id='word_1_39' title='bbox 1447 1004 1500 1057; x_wconf 89' lang='lat' dir='ltr'>rito</span> <span class='ocrx_word' id='word_1_40' title='bbox 1514 1013 1593 1059; x_wconf 86' lang='lat' dir='ltr'>uacat</span> <span class='ocrx_word' id='word_1_41' title='bbox 1608 1005 1661 1060; x_wconf 89' lang='lat' dir='ltr'>boc</span> <span class='ocrx_word' id='word_1_42' title='bbox 1675 1006 1823 1061; x_wconf 88' lang='lat' dir='ltr'>Sabbatum</span> <span class='ocrx_word' id='word_1_43' title='bbox 1851 1009 1957 1074; x_wconf 88' lang='lat' dir='ltr'>oilicio;</span> <span class='ocrx_word' id='word_1_44' title='bbox 1983 1019 2170 1064; x_wconf 88' lang='lat' dir='ltr'>rerurntarneu</span> <span class='ocrx_word' id='word_1_45' title='bbox 2188 1008 2227 1061; x_wconf 86' lang='lat' dir='ltr'>iu·</span> 
     </span>
     <span class='ocr_line' id='line_1_5' title="bbox 647 1095 2227 1175; baseline -0.006 -14"><span class='ocrx_word' id='word_1_46' title='bbox 647 1107 724 1161; x_wconf 83' lang='lat' dir='ltr'>Feria</span> <span class='ocrx_word' id='word_1_47' title='bbox 739 1116 814 1162; x_wconf 82' lang='lat' dir='ltr'>sexta</span> <span class='ocrx_word' id='word_1_48' title='bbox 830 1105 927 1175; x_wconf 86' lang='lat' dir='ltr'>legitur</span> <span class='ocrx_word' id='word_1_49' title='bbox 942 1101 1135 1171; x_wconf 75' lang='lat' dir='ltr'>evangelium:</span> <span class='ocrx_word' id='word_1_50' title='bbox 1152 1100 1319 1172; x_wconf 82' lang='lat' dir='ltr'>Collegerrtnt</span> <span class='ocrx_word' id='word_1_51' title='bbox 1329 1115 1396 1170; x_wconf 88' lang='lat' dir='ltr'>pon·</span> <span class='ocrx_word' id='word_1_52' title='bbox 1447 1095 1577 1150; x_wconf 74' lang='lat' dir='ltr'>scribitur</span> <span class='ocrx_word' id='word_1_53' title='bbox 1594 1097 1764 1168; x_wconf 83' lang='lat' dir='ltr'>erarrgelium</span> <span class='ocrx_word' id='word_1_54' title='bbox 1781 1099 1814 1152; x_wconf 85' lang='lat' dir='ltr'>de</span> <span class='ocrx_word' id='word_1_55' title='bbox 1829 1100 1982 1167; x_wconf 90' lang='lat' dir='ltr'>proditione</span> <span class='ocrx_word' id='word_1_56' title='bbox 1994 1097 2081 1161; x_wconf 76' lang='lat' dir='ltr'>iuda,</span> <span class='ocrx_word' id='word_1_57' title='bbox 2098 1099 2142 1154; x_wconf 91' lang='lat' dir='ltr'>cui</span> <span class='ocrx_word' id='word_1_58' title='bbox 2159 1110 2227 1152; x_wconf 89' lang='lat' dir='ltr'>recte</span> 
     </span>
     <span class='ocr_line' id='line_1_6' title="bbox 612 1187 2226 1268; baseline -0.006 -15"><span class='ocrx_word' id='word_1_59' title='bbox 612 1201 695 1268; x_wconf 71' lang='lat' dir='ltr'>linces</span> <span class='ocrx_word' id='word_1_60' title='bbox 722 1208 747 1253; x_wconf 68' lang='lat' dir='ltr'>c:</span> <span class='ocrx_word' id='word_1_61' title='bbox 770 1196 902 1251; x_wconf 81' lang='lat' dir='ltr'>Plrurisaei</span> <span class='ocrx_word' id='word_1_62' title='bbox 925 1195 1065 1249; x_wconf 76' lang='lat' dir='ltr'>conscilium</span> <span class='ocrx_word' id='word_1_63' title='bbox 1093 1194 1217 1248; x_wconf 84' lang='lat' dir='ltr'>odoerttu</span> <span class='ocrx_word' id='word_1_64' title='bbox 1241 1189 1345 1257; x_wconf 66' lang='lat' dir='ltr'>«lerunt,</span> <span class='ocrx_word' id='word_1_65' title='bbox 1370 1201 1395 1244; x_wconf 89' lang='lat' dir='ltr'>et</span> <span class='ocrx_word' id='word_1_66' title='bbox 1447 1188 1622 1256; x_wconf 81' lang='lat' dir='ltr'>praemittitur</span> <span class='ocrx_word' id='word_1_67' title='bbox 1637 1188 1718 1244; x_wconf 90' lang='lat' dir='ltr'>lectio</span> <span class='ocrx_word' id='word_1_68' title='bbox 1743 1187 1876 1256; x_wconf 83' lang='lat' dir='ltr'>Jerernire,</span> <span class='ocrx_word' id='word_1_69' title='bbox 1901 1191 1947 1246; x_wconf 90' lang='lat' dir='ltr'>ubi</span> <span class='ocrx_word' id='word_1_70' title='bbox 1970 1193 2101 1247; x_wconf 85' lang='lat' dir='ltr'>dicitur:</span> <span class='ocrx_word' id='word_1_71' title='bbox 2131 1189 2226 1258; x_wconf 80' lang='lat' dir='ltr'>l‘enite,</span> 
     </span>
     <span class='ocr_line' id='line_1_7' title="bbox 612 1279 2057 1359; baseline -0.008 -13"><span class='ocrx_word' id='word_1_72' title='bbox 612 1292 753 1346; x_wconf 83' lang='lat' dir='ltr'>dicebant:</span> <span class='ocrx_word' id='word_1_73' title='bbox 769 1289 839 1356; x_wconf 82' lang='lat' dir='ltr'>Quid</span> <span class='ocrx_word' id='word_1_74' title='bbox 852 1290 990 1359; x_wconf 72' lang='lat' dir='ltr'>sociemus,</span> <span class='ocrx_word' id='word_1_75' title='bbox 1002 1288 1065 1357; x_wconf 86' lang='lat' dir='ltr'>quin</span> <span class='ocrx_word' id='word_1_76' title='bbox 1079 1287 1121 1340; x_wconf 85' lang='lat' dir='ltr'>lrie</span> <span class='ocrx_word' id='word_1_77' title='bbox 1130 1286 1206 1340; x_wconf 80' lang='lat' dir='ltr'>bomo</span> <span class='ocrx_word' id='word_1_78' title='bbox 1221 1284 1306 1339; x_wconf 82' lang='lat' dir='ltr'>malta</span> <span class='ocrx_word' id='word_1_79' title='bbox 1317 1286 1396 1356; x_wconf 82' lang='lat' dir='ltr'>siqnn</span> <span class='ocrx_word' id='word_1_80' title='bbox 1447 1279 1589 1348; x_wconf 65' lang='lat' dir='ltr'>captentur</span> <span class='ocrx_word' id='word_1_81' title='bbox 1606 1291 1700 1334; x_wconf 86' lang='lat' dir='ltr'>eontra</span> <span class='ocrx_word' id='word_1_82' title='bbox 1715 1279 2057 1351; x_wconf 57' lang='lat' dir='ltr'>interrumperemus</span> 
     </span>
     <span class='ocr_line' id='line_1_8' title="bbox 613 1374 1950 1453; baseline -0.003 -18"><span class='ocrx_word' id='word_1_83' title='bbox 613 1383 699 1453; x_wconf 73' lang='lat' dir='ltr'>{oniti</span> <span class='ocrx_word' id='word_1_84' title='bbox 713 1382 736 1433; x_wconf 85' lang='lat' dir='ltr'>ai</span> <span class='ocrx_word' id='word_1_85' title='bbox 754 1380 912 1433; x_wconf 82' lang='lat' dir='ltr'>dimittimus</span> <span class='ocrx_word' id='word_1_86' title='bbox 926 1394 986 1430; x_wconf 87' lang='lat' dir='ltr'>eunt</span> <span class='ocrx_word' id='word_1_87' title='bbox 999 1379 1048 1443; x_wconf 83' lang='lat' dir='ltr'>ric,</span> <span class='ocrx_word' id='word_1_88' title='bbox 1063 1392 1150 1430; x_wconf 85' lang='lat' dir='ltr'>ornnes</span> <span class='ocrx_word' id='word_1_89' title='bbox 1163 1376 1304 1430; x_wconf 78' lang='lat' dir='ltr'>credentiae</span> <span class='ocrx_word' id='word_1_90' title='bbox 1316 1393 1395 1440; x_wconf 91' lang='lat' dir='ltr'>eunt,·</span> <span class='ocrx_word' id='word_1_91' title='bbox 1754 1374 1867 1430; x_wconf 73' lang='lat' dir='ltr'><strong>CAPUT</strong></span> <span class='ocrx_word' id='word_1_92' title='bbox 1885 1375 1920 1432; x_wconf 82' lang='lat' dir='ltr'>X.</span> <span class='ocrx_word' id='word_1_93' title='bbox 1940 1394 1950 1431; x_wconf 87' lang='lat' dir='ltr'>t</span> 
     </span>
     <span class='ocr_line' id='line_1_9' title="bbox 612 1467 2059 1541; baseline -0.003 -12"><span class='ocrx_word' id='word_1_94' title='bbox 612 1486 779 1541; x_wconf 77' lang='lat' dir='ltr'>causamque</span> <span class='ocrx_word' id='word_1_95' title='bbox 810 1485 866 1525; x_wconf 84' lang='lat' dir='ltr'>snae</span> <span class='ocrx_word' id='word_1_96' title='bbox 891 1468 1083 1524; x_wconf 84' lang='lat' dir='ltr'>sollicitudinis</span> <span class='ocrx_word' id='word_1_97' title='bbox 1103 1468 1183 1537; x_wconf 87' lang='lat' dir='ltr'>quasi</span> <span class='ocrx_word' id='word_1_98' title='bbox 1206 1467 1395 1522; x_wconf 76' lang='lat' dir='ltr'>rationabilem</span> <span class='ocrx_word' id='word_1_99' title='bbox 1614 1483 1739 1522; x_wconf 78' lang='lat' dir='ltr'>ponentes</span> <span class='ocrx_word' id='word_1_100' title='bbox 1763 1483 1788 1522; x_wconf 83' lang='lat' dir='ltr'>ra</span> <span class='ocrx_word' id='word_1_101' title='bbox 1810 1483 1889 1523; x_wconf 83' lang='lat' dir='ltr'>naurs</span> <span class='ocrx_word' id='word_1_102' title='bbox 1908 1484 2059 1524; x_wconf 80' lang='lat' dir='ltr'>rntnnnuu.</span> 
     </span>
     <span class='ocr_line' id='line_1_10' title="bbox 612 1559 2225 1629; baseline -0.004 -9"><span class='ocrx_word' id='word_1_103' title='bbox 612 1565 777 1620; x_wconf 86' lang='lat' dir='ltr'>adhibebant</span> <span class='ocrx_word' id='word_1_104' title='bbox 796 1562 940 1617; x_wconf 88' lang='lat' dir='ltr'>dicentes:</span> <span class='ocrx_word' id='word_1_105' title='bbox 962 1559 1069 1614; x_wconf 79' lang='lat' dir='ltr'>Venient</span> <span class='ocrx_word' id='word_1_106' title='bbox 1096 1559 1226 1624; x_wconf 84' lang='lat' dir='ltr'>Romani,</span> <span class='ocrx_word' id='word_1_107' title='bbox 1252 1568 1277 1612; x_wconf 86' lang='lat' dir='ltr'>et</span> <span class='ocrx_word' id='word_1_108' title='bbox 1305 1560 1396 1614; x_wconf 84' lang='lat' dir='ltr'>tollent</span> <span class='ocrx_word' id='word_1_109' title='bbox 1483 1559 1604 1623; x_wconf 85' lang='lat' dir='ltr'>Dorrriue,</span> <span class='ocrx_word' id='word_1_110' title='bbox 1625 1575 1656 1613; x_wconf 94' lang='lat' dir='ltr'>ne</span> <span class='ocrx_word' id='word_1_111' title='bbox 1671 1559 1746 1629; x_wconf 79' lang='lat' dir='ltr'>longe</span> <span class='ocrx_word' id='word_1_112' title='bbox 1767 1559 1852 1627; x_wconf 74' lang='lat' dir='ltr'>[ocior</span> <span class='ocrx_word' id='word_1_113' title='bbox 1868 1560 1998 1613; x_wconf 75' lang='lat' dir='ltr'>auxilium</span> <span class='ocrx_word' id='word_1_114' title='bbox 2015 1570 2091 1613; x_wconf 84' lang='lat' dir='ltr'>rurrn</span> <span class='ocrx_word' id='word_1_115' title='bbox 2106 1577 2122 1612; x_wconf 83' lang='lat' dir='ltr'>a</span> <span class='ocrx_word' id='word_1_116' title='bbox 2138 1575 2178 1614; x_wconf 86' lang='lat' dir='ltr'>nte</span> <span class='ocrx_word' id='word_1_117' title='bbox 2194 1560 2225 1614; x_wconf 75' lang='lat'>¹⁸.</span> 
     </span>
     <span class='ocr_line' id='line_1_11' title="bbox 612 1650 2228 1723; baseline -0.002 -13"><span class='ocrx_word' id='word_1_118' title='bbox 612 1667 731 1710; x_wconf 79' lang='lat' dir='ltr'>rtostruna</span> <span class='ocrx_word' id='word_1_119' title='bbox 746 1655 841 1716; x_wconf 86' lang='lat' dir='ltr'>locunt,</span> <span class='ocrx_word' id='word_1_120' title='bbox 869 1664 894 1707; x_wconf 85' lang='lat' dir='ltr'>et</span> <span class='ocrx_word' id='word_1_121' title='bbox 918 1662 1018 1723; x_wconf 80' lang='lat' dir='ltr'>gentem</span> <span class='ocrx_word' id='word_1_122' title='bbox 1033 1651 1074 1718; x_wconf 81' lang='lat'>⁸⁸;</span> <span class='ocrx_word' id='word_1_123' title='bbox 1093 1660 1171 1706; x_wconf 88' lang='lat' dir='ltr'>erant</span> <span class='ocrx_word' id='word_1_124' title='bbox 1191 1650 1264 1705; x_wconf 92' lang='lat' dir='ltr'>euim</span> <span class='ocrx_word' id='word_1_125' title='bbox 1278 1651 1330 1706; x_wconf 89' lang='lat' dir='ltr'>sub</span> <span class='ocrx_word' id='word_1_126' title='bbox 1344 1653 1397 1706; x_wconf 92' lang='lat' dir='ltr'>irn-</span> <span class='ocrx_word' id='word_1_127' title='bbox 1447 1651 1571 1706; x_wconf 87' lang='lat' dir='ltr'>Notabile</span> <span class='ocrx_word' id='word_1_128' title='bbox 1593 1660 1634 1707; x_wconf 88' lang='lat' dir='ltr'>est</span> <span class='ocrx_word' id='word_1_129' title='bbox 1660 1659 1688 1705; x_wconf 91' lang='lat' dir='ltr'>et</span> <span class='ocrx_word' id='word_1_130' title='bbox 1711 1650 1892 1705; x_wconf 88' lang='lat' dir='ltr'>admiratione</span> <span class='ocrx_word' id='word_1_131' title='bbox 1918 1650 2028 1721; x_wconf 88' lang='lat' dir='ltr'>dignum</span> <span class='ocrx_word' id='word_1_132' title='bbox 2053 1653 2228 1721; x_wconf 90' lang='lat' dir='ltr'>quod,quasi</span> 
     </span>
     <span class='ocr_line' id='line_1_12' title="bbox 612 1740 2227 1818; baseline -0.001 -18"><span class='ocrx_word' id='word_1_133' title='bbox 612 1750 686 1818; x_wconf 85' lang='lat' dir='ltr'>perio</span> <span class='ocrx_word' id='word_1_134' title='bbox 698 1746 898 1811; x_wconf 69' lang='lat' dir='ltr'>Romanorulm</span> <span class='ocrx_word' id='word_1_135' title='bbox 913 1744 976 1813; x_wconf 89' lang='lat' dir='ltr'>quia</span> <span class='ocrx_word' id='word_1_136' title='bbox 993 1743 1049 1812; x_wconf 84' lang='lat' dir='ltr'>jam</span> <span class='ocrx_word' id='word_1_137' title='bbox 1058 1743 1178 1798; x_wconf 88' lang='lat' dir='ltr'>ablatum</span> <span class='ocrx_word' id='word_1_138' title='bbox 1189 1752 1247 1798; x_wconf 90' lang='lat' dir='ltr'>erat</span> <span class='ocrx_word' id='word_1_139' title='bbox 1258 1752 1395 1812; x_wconf 80' lang='lat' dir='ltr'>sceptrum</span> <span class='ocrx_word' id='word_1_140' title='bbox 1447 1745 1542 1799; x_wconf 90' lang='lat' dir='ltr'>eudem</span> <span class='ocrx_word' id='word_1_141' title='bbox 1555 1759 1649 1809; x_wconf 89' lang='lat' dir='ltr'>cursu,</span> <span class='ocrx_word' id='word_1_142' title='bbox 1659 1743 1900 1798; x_wconf 85' lang='lat' dir='ltr'>nrundurncrearit</span> <span class='ocrx_word' id='word_1_143' title='bbox 1912 1740 2044 1798; x_wconf 82' lang='lat' dir='ltr'>Dominus</span> <span class='ocrx_word' id='word_1_144' title='bbox 2054 1744 2227 1798; x_wconf 86' lang='lat' dir='ltr'>etrccrearit.</span> 
     </span>
     <span class='ocr_line' id='line_1_13' title="bbox 611 1834 2227 1906; baseline -0.004 -12"><span class='ocrx_word' id='word_1_145' title='bbox 611 1841 645 1894; x_wconf 91' lang='lat' dir='ltr'>de</span> <span class='ocrx_word' id='word_1_146' title='bbox 658 1840 727 1894; x_wconf 88' lang='lat' dir='ltr'>luda</span> <span class='ocrx_word' id='word_1_147' title='bbox 743 1849 770 1892; x_wconf 90' lang='lat' dir='ltr'>et</span> <span class='ocrx_word' id='word_1_148' title='bbox 784 1837 839 1891; x_wconf 82' lang='lat' dir='ltr'>dur</span> <span class='ocrx_word' id='word_1_149' title='bbox 855 1838 888 1891; x_wconf 92' lang='lat' dir='ltr'>de</span> <span class='ocrx_word' id='word_1_150' title='bbox 902 1836 1004 1891; x_wconf 87' lang='lat' dir='ltr'>lemore</span> <span class='ocrx_word' id='word_1_151' title='bbox 1029 1835 1089 1905; x_wconf 80' lang='lat' dir='ltr'>ejus</span> <span class='ocrx_word' id='word_1_152' title='bbox 1102 1835 1135 1900; x_wconf 74' lang='lat'>⁸⁸,</span> <span class='ocrx_word' id='word_1_153' title='bbox 1150 1843 1177 1890; x_wconf 89' lang='lat' dir='ltr'>et</span> <span class='ocrx_word' id='word_1_154' title='bbox 1191 1834 1310 1890; x_wconf 84' lang='lat' dir='ltr'>l‘ilatum</span> <span class='ocrx_word' id='word_1_155' title='bbox 1327 1850 1397 1906; x_wconf 78' lang='lat' dir='ltr'>prae·</span> <span class='ocrx_word' id='word_1_156' title='bbox 1448 1835 1524 1892; x_wconf 89' lang='lat' dir='ltr'>Sicut</span> <span class='ocrx_word' id='word_1_157' title='bbox 1537 1838 1609 1891; x_wconf 90' lang='lat' dir='ltr'>enirn</span> <span class='ocrx_word' id='word_1_158' title='bbox 1632 1844 1775 1890; x_wconf 88' lang='lat' dir='ltr'>creaturus</span> <span class='ocrx_word' id='word_1_159' title='bbox 1792 1835 1949 1900; x_wconf 86' lang='lat' dir='ltr'>bominem,</span> <span class='ocrx_word' id='word_1_160' title='bbox 1964 1843 1991 1889; x_wconf 91' lang='lat' dir='ltr'>et</span> <span class='ocrx_word' id='word_1_161' title='bbox 2006 1845 2107 1890; x_wconf 81' lang='lat' dir='ltr'>cmtera</span> <span class='ocrx_word' id='word_1_162' title='bbox 2121 1843 2227 1905; x_wconf 88' lang='lat' dir='ltr'>propter</span> 
     </span>
     <span class='ocr_line' id='line_1_14' title="bbox 612 1927 2229 2002; baseline -0.001 -16"><span class='ocrx_word' id='word_1_163' title='bbox 612 1932 696 1986; x_wconf 89' lang='lat' dir='ltr'>sidem</span> <span class='ocrx_word' id='word_1_164' title='bbox 711 1930 840 1984; x_wconf 81' lang='lat' dir='ltr'>llomamn</span> <span class='ocrx_word' id='word_1_165' title='bbox 855 1928 996 1998; x_wconf 83' lang='lat' dir='ltr'>potestatis</span> <span class='ocrx_word' id='word_1_166' title='bbox 1011 1927 1156 1981; x_wconf 84' lang='lat' dir='ltr'>habebant.</span> <span class='ocrx_word' id='word_1_167' title='bbox 1170 1928 1290 1983; x_wconf 85' lang='lat' dir='ltr'>Causam</span> <span class='ocrx_word' id='word_1_168' title='bbox 1306 1928 1397 1998; x_wconf 87' lang='lat' dir='ltr'>itaque</span> <span class='ocrx_word' id='word_1_169' title='bbox 1448 1932 1628 1997; x_wconf 86' lang='lat' dir='ltr'>lrominem,a</span> <span class='ocrx_word' id='word_1_170' title='bbox 1648 1929 1846 1986; x_wconf 88' lang='lat' dir='ltr'>Dominicadie</span> <span class='ocrx_word' id='word_1_171' title='bbox 1875 1931 1995 2000; x_wconf 81' lang='lat' dir='ltr'>incepit,</span> <span class='ocrx_word' id='word_1_172' title='bbox 2020 1931 2229 2002; x_wconf 80' lang='lat' dir='ltr'>sexquedicbus</span> 
     </span>
     <span class='ocr_line' id='line_1_15' title="bbox 613 2019 2226 2096; baseline 0 -21"><span class='ocrx_word' id='word_1_173' title='bbox 613 2039 669 2076; x_wconf 77' lang='lat' dir='ltr'>sure</span> <span class='ocrx_word' id='word_1_174' title='bbox 684 2022 874 2077; x_wconf 85' lang='lat' dir='ltr'>sollicitudinis</span> <span class='ocrx_word' id='word_1_175' title='bbox 890 2019 1100 2088; x_wconf 81' lang='lat' dir='ltr'>prretcndebant,</span> <span class='ocrx_word' id='word_1_176' title='bbox 1112 2036 1156 2085; x_wconf 89' lang='lat' dir='ltr'>ne,</span> <span class='ocrx_word' id='word_1_177' title='bbox 1167 2035 1227 2074; x_wconf 92' lang='lat' dir='ltr'>cnm</span> <span class='ocrx_word' id='word_1_178' title='bbox 1243 2036 1289 2074; x_wconf 82' lang='lat' dir='ltr'>rex</span> <span class='ocrx_word' id='word_1_179' title='bbox 1304 2020 1397 2089; x_wconf 90' lang='lat' dir='ltr'>appel·</span> <span class='ocrx_word' id='word_1_180' title='bbox 1448 2035 1584 2096; x_wconf 84' lang='lat' dir='ltr'>operatrts,</span> <span class='ocrx_word' id='word_1_181' title='bbox 1602 2032 1677 2079; x_wconf 84' lang='lat' dir='ltr'>sexta</span> <span class='ocrx_word' id='word_1_182' title='bbox 1694 2024 1761 2079; x_wconf 80' lang='lat' dir='ltr'>teria</span> <span class='ocrx_word' id='word_1_183' title='bbox 1777 2023 1914 2077; x_wconf 84' lang='lat' dir='ltr'>bominem</span> <span class='ocrx_word' id='word_1_184' title='bbox 1934 2024 2047 2087; x_wconf 84' lang='lat' dir='ltr'>crearit,</span> <span class='ocrx_word' id='word_1_185' title='bbox 2070 2031 2098 2078; x_wconf 90' lang='lat' dir='ltr'>et</span> <span class='ocrx_word' id='word_1_186' title='bbox 2112 2023 2140 2077; x_wconf 90' lang='lat' dir='ltr'>in</span> <span class='ocrx_word' id='word_1_187' title='bbox 2157 2020 2226 2077; x_wconf 90' lang='lat' dir='ltr'>Sab-</span> 
     </span>
     <span class='ocr_line' id='line_1_16' title="bbox 613 2112 2230 2184; baseline -0.001 -15"><span class='ocrx_word' id='word_1_188' title='bbox 613 2116 724 2181; x_wconf 89' lang='lat' dir='ltr'>laretur,</span> <span class='ocrx_word' id='word_1_189' title='bbox 738 2115 787 2184; x_wconf 90' lang='lat' dir='ltr'>ipsi</span> <span class='ocrx_word' id='word_1_190' title='bbox 797 2114 833 2168; x_wconf 90' lang='lat' dir='ltr'>rei</span> <span class='ocrx_word' id='word_1_191' title='bbox 844 2114 993 2182; x_wconf 70' lang='lat' dir='ltr'>irralestatis</span> <span class='ocrx_word' id='word_1_192' title='bbox 1005 2115 1075 2182; x_wconf 92' lang='lat' dir='ltr'>apud</span> <span class='ocrx_word' id='word_1_193' title='bbox 1087 2112 1239 2168; x_wconf 82' lang='lat' dir='ltr'>Romanum</span> <span class='ocrx_word' id='word_1_194' title='bbox 1250 2113 1395 2182; x_wconf 88' lang='lat' dir='ltr'>imperium</span> <span class='ocrx_word' id='word_1_195' title='bbox 1449 2119 1511 2173; x_wconf 77' lang='lat' dir='ltr'>into</span> <span class='ocrx_word' id='word_1_196' title='bbox 1525 2117 1560 2171; x_wconf 88' lang='lat' dir='ltr'>ab</span> <span class='ocrx_word' id='word_1_197' title='bbox 1571 2116 1645 2171; x_wconf 87' lang='lat' dir='ltr'>onrrri</span> <span class='ocrx_word' id='word_1_198' title='bbox 1659 2130 1740 2184; x_wconf 88' lang='lat' dir='ltr'>opere</span> <span class='ocrx_word' id='word_1_199' title='bbox 1747 2115 1904 2170; x_wconf 65' lang='lat' dir='ltr'>cessarint.</span> <span class='ocrx_word' id='word_1_200' title='bbox 1919 2113 1964 2169; x_wconf 87' lang='lat' dir='ltr'>Sic</span> <span class='ocrx_word' id='word_1_201' title='bbox 1977 2115 2114 2169; x_wconf 87' lang='lat' dir='ltr'>hominem</span> <span class='ocrx_word' id='word_1_202' title='bbox 2131 2128 2230 2168; x_wconf 85' lang='lat' dir='ltr'>recrea·</span> 
     </span>
     <span class='ocr_line' id='line_1_17' title="bbox 613 2175 2228 2277; baseline -0.002 -16"><span class='ocrx_word' id='word_1_203' title='bbox 613 2209 810 2262; x_wconf 87' lang='lat' dir='ltr'>addicerentur.</span> <span class='ocrx_word' id='word_1_204' title='bbox 828 2206 862 2261; x_wconf 74' lang='lat' dir='ltr'>At</span> <span class='ocrx_word' id='word_1_205' title='bbox 884 2207 931 2272; x_wconf 91' lang='lat' dir='ltr'>illi,</span> <span class='ocrx_word' id='word_1_206' title='bbox 948 2206 1012 2276; x_wconf 89' lang='lat' dir='ltr'>quia</span> <span class='ocrx_word' id='word_1_207' title='bbox 1031 2207 1070 2262; x_wconf 85' lang='lat' dir='ltr'>sic</span> <span class='ocrx_word' id='word_1_208' title='bbox 1087 2207 1236 2261; x_wconf 82' lang='lat' dir='ltr'>tinnuerunt</span> <span class='ocrx_word' id='word_1_209' title='bbox 1255 2206 1393 2276; x_wconf 90' lang='lat' dir='ltr'>pruinam,</span> <span class='ocrx_word' id='word_1_210' title='bbox 1412 2175 1525 2266; x_wconf 76' lang='lat' dir='ltr'>Btrariis</span> <span class='ocrx_word' id='word_1_211' title='bbox 1549 2224 1565 2263; x_wconf 87' lang='lat' dir='ltr'>a</span> <span class='ocrx_word' id='word_1_212' title='bbox 1591 2207 1732 2262; x_wconf 91' lang='lat' dir='ltr'>Dominica</span> <span class='ocrx_word' id='word_1_213' title='bbox 1755 2207 1866 2277; x_wconf 91' lang='lat' dir='ltr'>incepit,</span> <span class='ocrx_word' id='word_1_214' title='bbox 1894 2202 2045 2260; x_wconf 85' lang='lat' dir='ltr'>Jerusalem</span> <span class='ocrx_word' id='word_1_215' title='bbox 2067 2204 2228 2276; x_wconf 83' lang='lat' dir='ltr'>ingrediens,</span> 
     </span>
     <span class='ocr_line' id='line_1_18' title="bbox 613 2294 2229 2371; baseline -0.001 -18"><span class='ocrx_word' id='word_1_216' title='bbox 613 2300 694 2354; x_wconf 89' lang='lat' dir='ltr'>irruit</span> <span class='ocrx_word' id='word_1_217' title='bbox 709 2316 791 2369; x_wconf 88' lang='lat' dir='ltr'>super</span> <span class='ocrx_word' id='word_1_218' title='bbox 805 2315 853 2354; x_wconf 88' lang='lat' dir='ltr'>eos</span> <span class='ocrx_word' id='word_1_219' title='bbox 870 2300 915 2353; x_wconf 84' lang='lat' dir='ltr'>nix</span> <span class='ocrx_word' id='word_1_220' title='bbox 935 2301 967 2365; x_wconf 83' lang='lat'>⁶¹,</span> <span class='ocrx_word' id='word_1_221' title='bbox 983 2309 1010 2354; x_wconf 91' lang='lat' dir='ltr'>ct</span> <span class='ocrx_word' id='word_1_222' title='bbox 1029 2300 1130 2369; x_wconf 76' lang='lat' dir='ltr'>duplici</span> <span class='ocrx_word' id='word_1_223' title='bbox 1146 2307 1209 2355; x_wconf 90' lang='lat' dir='ltr'>sunl</span> <span class='ocrx_word' id='word_1_224' title='bbox 1230 2298 1396 2355; x_wconf 82' lang='lat' dir='ltr'>contritione</span> <span class='ocrx_word' id='word_1_225' title='bbox 1447 2301 1617 2371; x_wconf 80' lang='lat' dir='ltr'>singulisque</span> <span class='ocrx_word' id='word_1_226' title='bbox 1638 2299 1735 2354; x_wconf 86' lang='lat' dir='ltr'>diebus</span> <span class='ocrx_word' id='word_1_227' title='bbox 1751 2297 1906 2368; x_wconf 82' lang='lat' dir='ltr'>ingressus,</span> <span class='ocrx_word' id='word_1_228' title='bbox 1931 2294 1998 2350; x_wconf 90' lang='lat' dir='ltr'>leria</span> <span class='ocrx_word' id='word_1_229' title='bbox 2017 2306 2093 2350; x_wconf 83' lang='lat' dir='ltr'>serta</span> <span class='ocrx_word' id='word_1_230' title='bbox 2121 2296 2229 2350; x_wconf 87' lang='lat' dir='ltr'>redemit</span> 
     </span>
     <span class='ocr_line' id='line_1_19' title="bbox 613 2385 2228 2463; baseline -0.006 -15"><span class='ocrx_word' id='word_1_231' title='bbox 613 2394 723 2448; x_wconf 76' lang='lat' dir='ltr'>contriti</span> <span class='ocrx_word' id='word_1_232' title='bbox 740 2394 774 2447; x_wconf 81' lang='lat'>⁸⁸.</span> <span class='ocrx_word' id='word_1_233' title='bbox 788 2392 855 2447; x_wconf 77' lang='lat' dir='ltr'>liam</span> <span class='ocrx_word' id='word_1_234' title='bbox 875 2402 902 2448; x_wconf 91' lang='lat' dir='ltr'>et</span> <span class='ocrx_word' id='word_1_235' title='bbox 914 2394 1003 2449; x_wconf 91' lang='lat' dir='ltr'>locum</span> <span class='ocrx_word' id='word_1_236' title='bbox 1018 2393 1195 2462; x_wconf 84' lang='lat' dir='ltr'>perdiderunt</span> <span class='ocrx_word' id='word_1_237' title='bbox 1206 2402 1233 2447; x_wconf 92' lang='lat' dir='ltr'>et</span> <span class='ocrx_word' id='word_1_238' title='bbox 1243 2401 1349 2463; x_wconf 83' lang='lat' dir='ltr'>gentem</span> <span class='ocrx_word' id='word_1_239' title='bbox 1361 2393 1394 2460; x_wconf 73' lang='lat'>⁸¹,</span> <span class='ocrx_word' id='word_1_240' title='bbox 1446 2392 1474 2448; x_wconf 91' lang='lat' dir='ltr'>in</span> <span class='ocrx_word' id='word_1_241' title='bbox 1490 2408 1571 2447; x_wconf 90' lang='lat' dir='ltr'>cruce</span> <span class='ocrx_word' id='word_1_242' title='bbox 1589 2392 1704 2461; x_wconf 89' lang='lat' dir='ltr'>patiens,</span> <span class='ocrx_word' id='word_1_243' title='bbox 1719 2398 1746 2444; x_wconf 93' lang='lat' dir='ltr'>et</span> <span class='ocrx_word' id='word_1_244' title='bbox 1769 2389 1795 2444; x_wconf 92' lang='lat' dir='ltr'>in</span> <span class='ocrx_word' id='word_1_245' title='bbox 1814 2387 1934 2443; x_wconf 84' lang='lat' dir='ltr'>Sabbata</span> <span class='ocrx_word' id='word_1_246' title='bbox 1950 2388 2085 2458; x_wconf 81' lang='lat' dir='ltr'>requierit</span> <span class='ocrx_word' id='word_1_247' title='bbox 2101 2387 2128 2440; x_wconf 92' lang='lat' dir='ltr'>in</span> <span class='ocrx_word' id='word_1_248' title='bbox 2142 2385 2228 2456; x_wconf 89' lang='lat' dir='ltr'>sepul-</span> 
     </span>
     <span class='ocr_line' id='line_1_20' title="bbox 611 2476 2228 2556; baseline -0.006 -17"><span class='ocrx_word' id='word_1_249' title='bbox 611 2494 639 2539; x_wconf 90' lang='lat' dir='ltr'>et</span> <span class='ocrx_word' id='word_1_250' title='bbox 656 2485 734 2539; x_wconf 89' lang='lat' dir='ltr'>deleti</span> <span class='ocrx_word' id='word_1_251' title='bbox 755 2485 788 2540; x_wconf 93' lang='lat' dir='ltr'>de</span> <span class='ocrx_word' id='word_1_252' title='bbox 812 2486 882 2540; x_wconf 91' lang='lat' dir='ltr'>libro</span> <span class='ocrx_word' id='word_1_253' title='bbox 895 2485 1054 2547; x_wconf 81' lang='lat' dir='ltr'>virentium,</span> <span class='ocrx_word' id='word_1_254' title='bbox 1071 2484 1097 2539; x_wconf 92' lang='lat' dir='ltr'>iu</span> <span class='ocrx_word' id='word_1_255' title='bbox 1125 2492 1195 2538; x_wconf 89' lang='lat' dir='ltr'>terra</span> <span class='ocrx_word' id='word_1_256' title='bbox 1211 2493 1276 2539; x_wconf 92' lang='lat' dir='ltr'>sunt</span> <span class='ocrx_word' id='word_1_257' title='bbox 1289 2485 1395 2556; x_wconf 90' lang='lat' dir='ltr'>scripti.</span> <span class='ocrx_word' id='word_1_258' title='bbox 1447 2499 1494 2540; x_wconf 90' lang='lat' dir='ltr'>cro</span> <span class='ocrx_word' id='word_1_259' title='bbox 1507 2482 1657 2538; x_wconf 90' lang='lat' dir='ltr'>dormiens.</span> <span class='ocrx_word' id='word_1_260' title='bbox 1680 2482 1757 2538; x_wconf 89' lang='lat' dir='ltr'>Sicut</span> <span class='ocrx_word' id='word_1_261' title='bbox 1783 2481 1866 2551; x_wconf 87' lang='lat' dir='ltr'>igitur</span> <span class='ocrx_word' id='word_1_262' title='bbox 1890 2481 1942 2535; x_wconf 87' lang='lat' dir='ltr'>lrac</span> <span class='ocrx_word' id='word_1_263' title='bbox 1961 2480 2049 2550; x_wconf 92' lang='lat' dir='ltr'>prima</span> <span class='ocrx_word' id='word_1_264' title='bbox 2073 2478 2118 2532; x_wconf 86' lang='lat' dir='ltr'>die</span> <span class='ocrx_word' id='word_1_265' title='bbox 2140 2476 2228 2533; x_wconf 80' lang='lat' dir='ltr'>dixit:</span> 
     </span>
     <span class='ocr_line' id='line_1_21' title="bbox 615 2569 2229 2646; baseline -0.003 -17"><span class='ocrx_word' id='word_1_266' title='bbox 615 2573 691 2630; x_wconf 91' lang='lat' dir='ltr'>llnde</span> <span class='ocrx_word' id='word_1_267' title='bbox 706 2576 784 2630; x_wconf 89' lang='lat' dir='ltr'>lectio</span> <span class='ocrx_word' id='word_1_268' title='bbox 799 2577 973 2644; x_wconf 65' lang='lat' dir='ltr'>praemittitur</span> <span class='ocrx_word' id='word_1_269' title='bbox 987 2575 1112 2630; x_wconf 81' lang='lat' dir='ltr'>deremiae</span> <span class='ocrx_word' id='word_1_270' title='bbox 1137 2577 1170 2631; x_wconf 90' lang='lat' dir='ltr'>de</span> <span class='ocrx_word' id='word_1_271' title='bbox 1195 2575 1326 2646; x_wconf 88' lang='lat' dir='ltr'>ipsorum,</span> <span class='ocrx_word' id='word_1_272' title='bbox 1349 2576 1395 2646; x_wconf 94' lang='lat' dir='ltr'>qui</span> <span class='ocrx_word' id='word_1_273' title='bbox 1450 2575 1527 2630; x_wconf 73' lang='lat' dir='ltr'>«liat</span> <span class='ocrx_word' id='word_1_274' title='bbox 1541 2574 1587 2630; x_wconf 83' lang='lat' dir='ltr'>lus</span> <span class='ocrx_word' id='word_1_275' title='bbox 1601 2576 1652 2643; x_wconf 78' lang='lat' dir='ltr'>⁷¹‚r</span> <span class='ocrx_word' id='word_1_276' title='bbox 1669 2591 1684 2629; x_wconf 89' lang='lat' dir='ltr'>a</span> <span class='ocrx_word' id='word_1_277' title='bbox 1706 2574 1767 2630; x_wconf 91' lang='lat' dir='ltr'>luce</span> <span class='ocrx_word' id='word_1_278' title='bbox 1784 2575 1916 2644; x_wconf 85' lang='lat' dir='ltr'>incipiens</span> <span class='ocrx_word' id='word_1_279' title='bbox 1935 2588 2003 2644; x_wconf 93' lang='lat' dir='ltr'>opus</span> <span class='ocrx_word' id='word_1_280' title='bbox 2018 2571 2179 2636; x_wconf 85' lang='lat' dir='ltr'>creationis,</span> <span class='ocrx_word' id='word_1_281' title='bbox 2192 2569 2229 2625; x_wconf 93' lang='lat' dir='ltr'>sic</span> 
     </span>
     <span class='ocr_line' id='line_1_22' title="bbox 614 2660 2229 2738; baseline -0.006 -15"><span class='ocrx_word' id='word_1_282' title='bbox 614 2684 663 2738; x_wconf 93' lang='lat' dir='ltr'>pro</span> <span class='ocrx_word' id='word_1_283' title='bbox 677 2668 872 2737; x_wconf 86' lang='lat' dir='ltr'>temporalibus</span> <span class='ocrx_word' id='word_1_284' title='bbox 892 2667 1037 2721; x_wconf 87' lang='lat' dir='ltr'>Dominum</span> <span class='ocrx_word' id='word_1_285' title='bbox 1061 2668 1273 2737; x_wconf 88' lang='lat' dir='ltr'>dereliquerunt,</span> <span class='ocrx_word' id='word_1_286' title='bbox 1295 2668 1396 2738; x_wconf 91' lang='lat' dir='ltr'>duplici</span> <span class='ocrx_word' id='word_1_287' title='bbox 1447 2669 1541 2724; x_wconf 87' lang='lat' dir='ltr'>eodem</span> <span class='ocrx_word' id='word_1_288' title='bbox 1556 2667 1600 2722; x_wconf 90' lang='lat' dir='ltr'>die</span> <span class='ocrx_word' id='word_1_289' title='bbox 1613 2682 1674 2721; x_wconf 90' lang='lat' dir='ltr'>cunr</span> <span class='ocrx_word' id='word_1_290' title='bbox 1690 2666 1751 2722; x_wconf 88' lang='lat' dir='ltr'>luce</span> <span class='ocrx_word' id='word_1_291' title='bbox 1774 2665 1816 2719; x_wconf 81' lang='lat' dir='ltr'>rel</span> <span class='ocrx_word' id='word_1_292' title='bbox 1838 2664 1961 2719; x_wconf 86' lang='lat' dir='ltr'>claritate</span> <span class='ocrx_word' id='word_1_293' title='bbox 1977 2662 2029 2716; x_wconf 90' lang='lat' dir='ltr'>lroc</span> <span class='ocrx_word' id='word_1_294' title='bbox 2051 2676 2122 2732; x_wconf 88' lang='lat' dir='ltr'>opus</span> <span class='ocrx_word' id='word_1_295' title='bbox 2142 2660 2229 2730; x_wconf 74' lang='lat' dir='ltr'>ingre</span> 
     </span>
     <span class='ocr_line' id='line_1_23' title="bbox 613 2745 2228 2826; baseline -0.006 -13"><span class='ocrx_word' id='word_1_296' title='bbox 613 2745 786 2816; x_wconf 87' lang='lat' dir='ltr'>contritione.</span> <span class='ocrx_word' id='word_1_297' title='bbox 808 2761 910 2816; x_wconf 84' lang='lat' dir='ltr'>Caetera</span> <span class='ocrx_word' id='word_1_298' title='bbox 928 2762 1007 2814; x_wconf 88' lang='lat' dir='ltr'>rerba</span> <span class='ocrx_word' id='word_1_299' title='bbox 1025 2771 1089 2816; x_wconf 92' lang='lat' dir='ltr'>suut</span> <span class='ocrx_word' id='word_1_300' title='bbox 1115 2759 1221 2816; x_wconf 91' lang='lat' dir='ltr'>Durnini</span> <span class='ocrx_word' id='word_1_301' title='bbox 1238 2761 1396 2819; x_wconf 85' lang='lat' dir='ltr'>llediatoris</span> <span class='ocrx_word' id='word_1_302' title='bbox 1447 2759 1520 2814; x_wconf 77' lang='lat' dir='ltr'>elitur</span> <span class='ocrx_word' id='word_1_303' title='bbox 1546 2757 1697 2813; x_wconf 79' lang='lat' dir='ltr'>salutiferae</span> <span class='ocrx_word' id='word_1_304' title='bbox 1714 2755 1862 2826; x_wconf 83' lang='lat' dir='ltr'>passionis.</span> <span class='ocrx_word' id='word_1_305' title='bbox 1888 2751 1944 2809; x_wconf 82' lang='lat' dir='ltr'>llse</span> <span class='ocrx_word' id='word_1_306' title='bbox 1965 2752 2065 2809; x_wconf 87' lang='lat' dir='ltr'>etenim</span> <span class='ocrx_word' id='word_1_307' title='bbox 2090 2752 2135 2807; x_wconf 86' lang='lat' dir='ltr'>die</span> <span class='ocrx_word' id='word_1_308' title='bbox 2152 2748 2228 2805; x_wconf 81' lang='lat' dir='ltr'>lera-</span> 
     </span>
     <span class='ocr_line' id='line_1_24' title="bbox 614 2843 2227 2921; baseline -0.007 -14"><span class='ocrx_word' id='word_1_309' title='bbox 614 2854 812 2910; x_wconf 88' lang='lat' dir='ltr'>interinsidias</span> <span class='ocrx_word' id='word_1_310' title='bbox 836 2853 1009 2909; x_wconf 88' lang='lat' dir='ltr'>inimicorum</span> <span class='ocrx_word' id='word_1_311' title='bbox 1031 2853 1394 2910; x_wconf 84' lang='lat' dir='ltr'>secundurnltumanitatem</span> <span class='ocrx_word' id='word_1_312' title='bbox 1447 2851 1532 2906; x_wconf 85' lang='lat' dir='ltr'>salem</span> <span class='ocrx_word' id='word_1_313' title='bbox 1562 2860 1697 2921; x_wconf 91' lang='lat' dir='ltr'>passurus</span> <span class='ocrx_word' id='word_1_314' title='bbox 1721 2847 1875 2919; x_wconf 85' lang='lat' dir='ltr'>ingreditur</span> <span class='ocrx_word' id='word_1_315' title='bbox 1902 2847 1938 2914; x_wconf 75' lang='lat'>¹⁸,</span> <span class='ocrx_word' id='word_1_316' title='bbox 1962 2847 2034 2918; x_wconf 93' lang='lat' dir='ltr'>quod</span> <span class='ocrx_word' id='word_1_317' title='bbox 2058 2859 2114 2901; x_wconf 94' lang='lat' dir='ltr'>non</span> <span class='ocrx_word' id='word_1_318' title='bbox 2143 2843 2227 2899; x_wconf 91' lang='lat' dir='ltr'>solum</span> 
     </span>
     <span class='ocr_line' id='line_1_25' title="bbox 613 2939 2229 3011; baseline -0.007 -12"><span class='ocrx_word' id='word_1_319' title='bbox 613 2946 728 3000; x_wconf 86' lang='lat' dir='ltr'>orantis.</span> <span class='ocrx_word' id='word_1_320' title='bbox 1141 2953 1143 2955; x_wconf 75' lang='grc'><strong><em>’</em></strong></span> <span class='ocrx_word' id='word_1_321' title='bbox 1447 2941 1543 2996; x_wconf 84' lang='lat' dir='ltr'>mundi</span> <span class='ocrx_word' id='word_1_322' title='bbox 1569 2940 1736 3011; x_wconf 84' lang='lat' dir='ltr'>primordiis,</span> <span class='ocrx_word' id='word_1_323' title='bbox 1761 2939 1914 2995; x_wconf 91' lang='lat' dir='ltr'>sedetiam</span> <span class='ocrx_word' id='word_1_324' title='bbox 1948 2944 2082 3009; x_wconf 83' lang='lat' dir='ltr'>praecepto</span> <span class='ocrx_word' id='word_1_325' title='bbox 2107 2943 2229 3005; x_wconf 74' lang='lat' dir='ltr'>congrus</span> 
     </span>
     <span class='ocr_line' id='line_1_26' title="bbox 650 3024 2229 3115; baseline -0.007 -25"><span class='ocrx_word' id='word_1_326' title='bbox 650 3037 800 3093; x_wconf 80' lang='lat' dir='ltr'>Sabbatum</span> <span class='ocrx_word' id='word_1_327' title='bbox 814 3048 903 3102; x_wconf 92' lang='lat' dir='ltr'>racat,</span> <span class='ocrx_word' id='word_1_328' title='bbox 917 3039 980 3108; x_wconf 69' lang='lat' dir='ltr'>qum</span> <span class='ocrx_word' id='word_1_329' title='bbox 997 3038 1128 3095; x_wconf 66' lang='lat' dir='ltr'>Dorulaus</span> <span class='ocrx_word' id='word_1_330' title='bbox 1150 3055 1220 3110; x_wconf 69' lang='lat' dir='ltr'>papa</span> <span class='ocrx_word' id='word_1_331' title='bbox 1245 3040 1397 3115; x_wconf 58' lang='lat' dir='ltr'>eleemosy.</span> <span class='ocrx_word' id='word_1_332' title='bbox 1447 3033 1525 3104; x_wconf 80' lang='lat' dir='ltr'>legis.</span> <span class='ocrx_word' id='word_1_333' title='bbox 1541 3030 1605 3086; x_wconf 86' lang='lat' dir='ltr'>Erat</span> <span class='ocrx_word' id='word_1_334' title='bbox 1617 3032 1690 3086; x_wconf 90' lang='lat' dir='ltr'>unirn</span> <span class='ocrx_word' id='word_1_335' title='bbox 1705 3041 1770 3086; x_wconf 92' lang='lat' dir='ltr'>tunc</span> <span class='ocrx_word' id='word_1_336' title='bbox 1783 3030 1889 3085; x_wconf 89' lang='lat' dir='ltr'>decima</span> <span class='ocrx_word' id='word_1_337' title='bbox 1905 3030 1970 3084; x_wconf 92' lang='lat' dir='ltr'>luna</span> <span class='ocrx_word' id='word_1_338' title='bbox 1982 3028 2015 3083; x_wconf 89' lang='lat' dir='ltr'>de</span> <span class='ocrx_word' id='word_1_339' title='bbox 2029 3042 2084 3098; x_wconf 90' lang='lat' dir='ltr'>qua</span> <span class='ocrx_word' id='word_1_340' title='bbox 2100 3024 2229 3081; x_wconf 80' lang='lat' dir='ltr'>Dominus</span> 
     </span>
     <span class='ocr_line' id='line_1_27' title="bbox 614 3120 2229 3201; baseline 0.001 -17"><span class='ocrx_word' id='word_1_341' title='bbox 614 3145 678 3185; x_wconf 89' lang='lat' dir='ltr'>narn</span> <span class='ocrx_word' id='word_1_342' title='bbox 691 3132 745 3184; x_wconf 92' lang='lat' dir='ltr'>dat.</span> <span class='ocrx_word' id='word_1_343' title='bbox 760 3129 889 3185; x_wconf 88' lang='lat' dir='ltr'>Dominus</span> <span class='ocrx_word' id='word_1_344' title='bbox 908 3130 932 3182; x_wconf 89' lang='lat' dir='ltr'>in</span> <span class='ocrx_word' id='word_1_345' title='bbox 947 3131 998 3184; x_wconf 81' lang='lat' dir='ltr'>lior.</span> <span class='ocrx_word' id='word_1_346' title='bbox 1011 3129 1130 3187; x_wconf 88' lang='lat' dir='ltr'>Sabbato</span> <span class='ocrx_word' id='word_1_347' title='bbox 1142 3131 1300 3188; x_wconf 85' lang='lat' dir='ltr'>Betbanlam</span> <span class='ocrx_word' id='word_1_348' title='bbox 1312 3137 1395 3201; x_wconf 85' lang='lat' dir='ltr'>renit,</span> <span class='ocrx_word' id='word_1_349' title='bbox 1448 3127 1483 3181; x_wconf 93' lang='lat' dir='ltr'>ad</span> <span class='ocrx_word' id='word_1_350' title='bbox 1508 3123 1640 3196; x_wconf 67' lang='lat' dir='ltr'>Moysen:</span> <span class='ocrx_word' id='word_1_351' title='bbox 1669 3123 1810 3180; x_wconf 73' lang='lat' dir='ltr'>«beorna</span> <span class='ocrx_word' id='word_1_352' title='bbox 1842 3123 1886 3179; x_wconf 68' lang='lat' dir='ltr'>die</span> <span class='ocrx_word' id='word_1_353' title='bbox 1911 3122 1991 3194; x_wconf 67' lang='lat' dir='ltr'>primi</span> <span class='ocrx_word' id='word_1_354' title='bbox 2022 3121 2128 3177; x_wconf 65' lang='grc' dir='ltr'>1119118ῑῦ</span> <span class='ocrx_word' id='word_1_355' title='bbox 2157 3120 2229 3175; x_wconf 62' lang='lat' dir='ltr'>t⁰¹¹²!</span> 
     </span>
     <span class='ocr_line' id='line_1_28' title="bbox 614 3215 2228 3290; baseline -0.005 -17"><span class='ocrx_word' id='word_1_356' title='bbox 614 3221 641 3273; x_wconf 92' lang='lat' dir='ltr'>in</span> <span class='ocrx_word' id='word_1_357' title='bbox 658 3222 740 3273; x_wconf 91' lang='lat' dir='ltr'>domo</span> <span class='ocrx_word' id='word_1_358' title='bbox 765 3218 884 3274; x_wconf 86' lang='lat' dir='ltr'>Simonis</span> <span class='ocrx_word' id='word_1_359' title='bbox 906 3221 1050 3285; x_wconf 86' lang='lat' dir='ltr'>recubuit,</span> <span class='ocrx_word' id='word_1_360' title='bbox 1079 3220 1184 3276; x_wconf 85' lang='lat' dir='ltr'>llartlra</span> <span class='ocrx_word' id='word_1_361' title='bbox 1211 3222 1396 3290; x_wconf 80' lang='lat' dir='ltr'>ministrarit,</span> <span class='ocrx_word' id='word_1_362' title='bbox 1448 3218 1639 3288; x_wconf 88' lang='lat' dir='ltr'>unusquisque</span> <span class='ocrx_word' id='word_1_363' title='bbox 1666 3233 1766 3288; x_wconf 89' lang='lat' dir='ltr'>agnum</span> <span class='ocrx_word' id='word_1_364' title='bbox 1792 3231 1840 3287; x_wconf 87' lang='lat' dir='ltr'>per</span> <span class='ocrx_word' id='word_1_365' title='bbox 1865 3215 1993 3284; x_wconf 80' lang='lat' dir='ltr'>familias,</span> <span class='ocrx_word' id='word_1_366' title='bbox 2007 3226 2034 3272; x_wconf 91' lang='lat' dir='ltr'>et</span> <span class='ocrx_word' id='word_1_367' title='bbox 2044 3216 2144 3272; x_wconf 88' lang='lat' dir='ltr'>domos</span> <span class='ocrx_word' id='word_1_368' title='bbox 2158 3227 2228 3274; x_wconf 88' lang='lat' dir='ltr'>snas,</span> 
     </span>
     <span class='ocr_line' id='line_1_29' title="bbox 614 3305 2227 3384; baseline -0.004 -20"><span class='ocrx_word' id='word_1_369' title='bbox 614 3310 700 3364; x_wconf 87' lang='lat' dir='ltr'>llaria</span> <span class='ocrx_word' id='word_1_370' title='bbox 725 3319 863 3379; x_wconf 84' lang='lat' dir='ltr'>unguento</span> <span class='ocrx_word' id='word_1_371' title='bbox 892 3312 1013 3382; x_wconf 88' lang='lat' dir='ltr'>pretioso</span> <span class='ocrx_word' id='word_1_372' title='bbox 1037 3310 1197 3384; x_wconf 89' lang='lat' dir='ltr'>lesupcdes</span> <span class='ocrx_word' id='word_1_373' title='bbox 1222 3313 1347 3380; x_wconf 84' lang='lat' dir='ltr'>inunxit,</span> <span class='ocrx_word' id='word_1_374' title='bbox 1373 3324 1399 3369; x_wconf 90' lang='lat' dir='ltr'>et</span> <span class='ocrx_word' id='word_1_375' title='bbox 1449 3323 1474 3368; x_wconf 89' lang='lat' dir='ltr'>et</span> <span class='ocrx_word' id='word_1_376' title='bbox 1489 3313 1636 3370; x_wconf 79' lang='lat' dir='ltr'>servabitis</span> <span class='ocrx_word' id='word_1_377' title='bbox 1662 3328 1749 3382; x_wconf 90' lang='lat' dir='ltr'>usque</span> <span class='ocrx_word' id='word_1_378' title='bbox 1782 3312 1809 3366; x_wconf 88' lang='lat' dir='ltr'>in</span> <span class='ocrx_word' id='word_1_379' title='bbox 1845 3309 2133 3382; x_wconf 86' lang='lat' dir='ltr'>quartamdecimam</span> <span class='ocrx_word' id='word_1_380' title='bbox 2161 3305 2227 3360; x_wconf 79' lang='lat' dir='ltr'>diuet</span> 
     </span>
     <span class='ocr_line' id='line_1_30' title="bbox 614 3396 2231 3477; baseline -0.004 -21"><span class='ocrx_word' id='word_1_381' title='bbox 614 3401 724 3456; x_wconf 86' lang='lat' dir='ltr'>domum</span> <span class='ocrx_word' id='word_1_382' title='bbox 750 3402 832 3456; x_wconf 90' lang='lat' dir='ltr'>odore</span> <span class='ocrx_word' id='word_1_383' title='bbox 857 3401 978 3472; x_wconf 90' lang='lat' dir='ltr'>implerit</span> <span class='ocrx_word' id='word_1_384' title='bbox 1003 3403 1035 3457; x_wconf 84' lang='lat'>⁶⁸.</span> <span class='ocrx_word' id='word_1_385' title='bbox 1061 3401 1090 3457; x_wconf 90' lang='lat' dir='ltr'>ln</span> <span class='ocrx_word' id='word_1_386' title='bbox 1116 3404 1217 3475; x_wconf 92' lang='lat' dir='ltr'>quibus</span> <span class='ocrx_word' id='word_1_387' title='bbox 1241 3405 1292 3460; x_wconf 90' lang='lat' dir='ltr'>tria</span> <span class='ocrx_word' id='word_1_388' title='bbox 1319 3405 1398 3461; x_wconf 90' lang='lat' dir='ltr'>nobis</span> <span class='ocrx_word' id='word_1_389' title='bbox 1449 3406 1571 3477; x_wconf 84' lang='lat' dir='ltr'>ejusdem</span> <span class='ocrx_word' id='word_1_390' title='bbox 1596 3404 1708 3471; x_wconf 87' lang='lat' dir='ltr'>mensis,</span> <span class='ocrx_word' id='word_1_391' title='bbox 1725 3413 1752 3459; x_wconf 90' lang='lat' dir='ltr'>et</span> <span class='ocrx_word' id='word_1_392' title='bbox 1768 3404 1920 3459; x_wconf 88' lang='lat' dir='ltr'>immolabit</span> <span class='ocrx_word' id='word_1_393' title='bbox 1940 3417 2004 3458; x_wconf 90' lang='lat' dir='ltr'>eum</span> <span class='ocrx_word' id='word_1_394' title='bbox 2020 3401 2149 3455; x_wconf 80' lang='lat' dir='ltr'>universa</span> <span class='ocrx_word' id='word_1_395' title='bbox 2164 3396 2231 3452; x_wconf 82' lang='lat' dir='ltr'>mal·</span> 
     </span>
     <span class='ocr_line' id='line_1_31' title="bbox 614 3489 2231 3569; baseline -0.003 -22"><span class='ocrx_word' id='word_1_396' title='bbox 614 3494 851 3558; x_wconf 89' lang='lat' dir='ltr'>commendantur,</span> <span class='ocrx_word' id='word_1_397' title='bbox 878 3495 1041 3561; x_wconf 87' lang='lat' dir='ltr'>obedientia,</span> <span class='ocrx_word' id='word_1_398' title='bbox 1063 3496 1235 3568; x_wconf 77' lang='lat' dir='ltr'>eleemosyna</span> <span class='ocrx_word' id='word_1_399' title='bbox 1260 3507 1287 3553; x_wconf 93' lang='lat' dir='ltr'>et</span> <span class='ocrx_word' id='word_1_400' title='bbox 1311 3497 1395 3554; x_wconf 88' lang='lat' dir='ltr'>lama.</span> <span class='ocrx_word' id='word_1_401' title='bbox 1410 3511 1431 3569; x_wconf 80' lang='lat' dir='ltr'>c</span> <span class='ocrx_word' id='word_1_402' title='bbox 1447 3498 1534 3554; x_wconf 90' lang='lat' dir='ltr'>titudo</span> <span class='ocrx_word' id='word_1_403' title='bbox 1562 3497 1680 3552; x_wconf 78' lang='lat' dir='ltr'>liliorum</span> <span class='ocrx_word' id='word_1_404' title='bbox 1708 3494 1791 3552; x_wconf 87' lang='lat' dir='ltr'>lsrael</span> <span class='ocrx_word' id='word_1_405' title='bbox 1818 3497 1852 3551; x_wconf 92' lang='lat' dir='ltr'>ad</span> <span class='ocrx_word' id='word_1_406' title='bbox 1880 3509 2026 3566; x_wconf 83' lang='lat' dir='ltr'>uesperum</span> <span class='ocrx_word' id='word_1_407' title='bbox 2050 3492 2112 3548; x_wconf 59' lang='lat' dir='ltr'>”a</span> <span class='ocrx_word' id='word_1_408' title='bbox 2137 3489 2173 3547; x_wconf 89' lang='lat' dir='ltr'>Dt</span> <span class='ocrx_word' id='word_1_409' title='bbox 2195 3491 2231 3544; x_wconf 89' lang='lat' dir='ltr'>ait</span> 
     </span>
     <span class='ocr_line' id='line_1_32' title="bbox 616 3583 2230 3656; baseline -0.001 -15"><span class='ocrx_word' id='word_1_410' title='bbox 616 3585 644 3641; x_wconf 91' lang='lat' dir='ltr'>Si</span> <span class='ocrx_word' id='word_1_411' title='bbox 658 3588 731 3642; x_wconf 91' lang='lat' dir='ltr'>enim</span> <span class='ocrx_word' id='word_1_412' title='bbox 743 3587 899 3642; x_wconf 86' lang='lat' dir='ltr'>obedientes</span> <span class='ocrx_word' id='word_1_413' title='bbox 910 3603 1015 3656; x_wconf 89' lang='lat' dir='ltr'>snmus,</span> <span class='ocrx_word' id='word_1_414' title='bbox 1030 3589 1063 3644; x_wconf 91' lang='lat' dir='ltr'>ad</span> <span class='ocrx_word' id='word_1_415' title='bbox 1077 3604 1127 3645; x_wconf 90' lang='lat' dir='ltr'>nos</span> <span class='ocrx_word' id='word_1_416' title='bbox 1139 3591 1222 3656; x_wconf 83' lang='lat' dir='ltr'>uenit,</span> <span class='ocrx_word' id='word_1_417' title='bbox 1236 3599 1264 3645; x_wconf 92' lang='lat' dir='ltr'>ct</span> <span class='ocrx_word' id='word_1_418' title='bbox 1277 3592 1303 3645; x_wconf 95' lang='lat' dir='ltr'>in</span> <span class='ocrx_word' id='word_1_419' title='bbox 1319 3592 1398 3649; x_wconf 88' lang='lat' dir='ltr'>nubis</span> <span class='ocrx_word' id='word_1_420' title='bbox 1450 3591 1521 3646; x_wconf 88' lang='lat' dir='ltr'>Beda</span> <span class='ocrx_word' id='word_1_421' title='bbox 1536 3608 1543 3644; x_wconf 76' lang='grc' dir='ltr'><strong>ε</strong></span> <span class='ocrx_word' id='word_1_422' title='bbox 1561 3608 1571 3642; x_wconf 85' lang='grc' dir='ltr'>ι</span> <span class='ocrx_word' id='word_1_423' title='bbox 1588 3590 1740 3645; x_wconf 88' lang='lat' dir='ltr'>Concordia</span> <span class='ocrx_word' id='word_1_424' title='bbox 1756 3604 1810 3644; x_wconf 91' lang='lat' dir='ltr'>non</span> <span class='ocrx_word' id='word_1_425' title='bbox 1825 3589 1914 3644; x_wconf 89' lang='lat' dir='ltr'>solutu</span> <span class='ocrx_word' id='word_1_426' title='bbox 1929 3587 1957 3643; x_wconf 93' lang='lat' dir='ltr'>in</span> <span class='ocrx_word' id='word_1_427' title='bbox 1971 3587 2065 3653; x_wconf 89' lang='lat' dir='ltr'>rebus,</span> <span class='ocrx_word' id='word_1_428' title='bbox 2080 3584 2129 3642; x_wconf 91' lang='lat' dir='ltr'>sed</span> <span class='ocrx_word' id='word_1_429' title='bbox 2151 3583 2230 3640; x_wconf 80' lang='lat' dir='ltr'>etiam</span> 
     </span>
     <span class='ocr_line' id='line_1_33' title="bbox 617 3676 2230 3753; baseline -0.001 -21"><span class='ocrx_word' id='word_1_430' title='bbox 617 3677 750 3734; x_wconf 79' lang='lat' dir='ltr'>Dominus</span> <span class='ocrx_word' id='word_1_431' title='bbox 774 3679 933 3749; x_wconf 88' lang='lat' dir='ltr'>requiescit;</span> <span class='ocrx_word' id='word_1_432' title='bbox 964 3681 987 3734; x_wconf 92' lang='lat' dir='ltr'>si</span> <span class='ocrx_word' id='word_1_433' title='bbox 1011 3680 1175 3751; x_wconf 89' lang='lat' dir='ltr'>pauperibus</span> <span class='ocrx_word' id='word_1_434' title='bbox 1204 3682 1396 3750; x_wconf 80' lang='lat' dir='ltr'>subvenimus,</span> <span class='ocrx_word' id='word_1_435' title='bbox 1450 3679 1959 3753; x_wconf 78' lang='lat' dir='ltr'>intemporibusinreniturleteriset</span> <span class='ocrx_word' id='word_1_436' title='bbox 1976 3676 2230 3740; x_wconf 80' lang='lat' dir='ltr'>Norl&#39;lestameuti;</span> 
     </span>
     <span class='ocr_line' id='line_1_34' title="bbox 616 3767 2231 3842; baseline -0.001 -19"><span class='ocrx_word' id='word_1_437' title='bbox 616 3782 678 3823; x_wconf 95' lang='lat' dir='ltr'>cum</span> <span class='ocrx_word' id='word_1_438' title='bbox 695 3767 799 3823; x_wconf 90' lang='lat' dir='ltr'>llartlra</span> <span class='ocrx_word' id='word_1_439' title='bbox 814 3768 1075 3837; x_wconf 87' lang='lat' dir='ltr'>ministramus;sed</span> <span class='ocrx_word' id='word_1_440' title='bbox 1086 3786 1148 3826; x_wconf 87' lang='lat' dir='ltr'>cunt</span> <span class='ocrx_word' id='word_1_441' title='bbox 1161 3770 1244 3826; x_wconf 84' lang='lat' dir='ltr'>blaria</span> <span class='ocrx_word' id='word_1_442' title='bbox 1257 3772 1396 3842; x_wconf 84' lang='lat' dir='ltr'>ungimus.</span> <span class='ocrx_word' id='word_1_443' title='bbox 1450 3774 1607 3830; x_wconf 87' lang='lat' dir='ltr'>sicutenim</span> <span class='ocrx_word' id='word_1_444' title='bbox 1632 3773 1737 3829; x_wconf 89' lang='lat' dir='ltr'>decima</span> <span class='ocrx_word' id='word_1_445' title='bbox 1761 3773 1804 3828; x_wconf 89' lang='lat' dir='ltr'>die</span> <span class='ocrx_word' id='word_1_446' title='bbox 1821 3771 2002 3826; x_wconf 88' lang='lat' dir='ltr'>immolandus</span> <span class='ocrx_word' id='word_1_447' title='bbox 2014 3783 2102 3842; x_wconf 90' lang='lat' dir='ltr'>agnus</span> <span class='ocrx_word' id='word_1_448' title='bbox 2122 3768 2231 3825; x_wconf 86' lang='lat' dir='ltr'>domurn</span> 
     </span>
     <span class='ocr_line' id='line_1_35' title="bbox 616 3859 2233 3938; baseline -0.001 -22"><span class='ocrx_word' id='word_1_449' title='bbox 616 3876 677 3916; x_wconf 88' lang='lat' dir='ltr'>curn</span> <span class='ocrx_word' id='word_1_450' title='bbox 692 3863 823 3917; x_wconf 82' lang='lat' dir='ltr'>uirtutum</span> <span class='ocrx_word' id='word_1_451' title='bbox 848 3863 946 3917; x_wconf 87' lang='lat' dir='ltr'>studiis</span> <span class='ocrx_word' id='word_1_452' title='bbox 966 3863 1136 3934; x_wconf 74' lang='lat' dir='ltr'>indulgemus</span> <span class='ocrx_word' id='word_1_453' title='bbox 1150 3881 1157 3918; x_wconf 73' lang='grc' dir='ltr'><strong><em>ε</em></strong></span> <span class='ocrx_word' id='word_1_454' title='bbox 1173 3865 1215 3920; x_wconf 89' lang='lat' dir='ltr'>rel</span> <span class='ocrx_word' id='word_1_455' title='bbox 1229 3865 1282 3920; x_wconf 85' lang='lat' dir='ltr'>lanc</span> <span class='ocrx_word' id='word_1_456' title='bbox 1296 3865 1396 3921; x_wconf 88' lang='lat' dir='ltr'>celebri</span> <span class='ocrx_word' id='word_1_457' title='bbox 1449 3866 1642 3932; x_wconf 90' lang='lat' dir='ltr'>introducitur,</span> <span class='ocrx_word' id='word_1_458' title='bbox 1660 3867 1700 3923; x_wconf 89' lang='lat' dir='ltr'>sic</span> <span class='ocrx_word' id='word_1_459' title='bbox 1724 3881 1856 3938; x_wconf 89' lang='lat' dir='ltr'>passurus</span> <span class='ocrx_word' id='word_1_460' title='bbox 1877 3864 2004 3920; x_wconf 85' lang='lat' dir='ltr'>Cbristus</span> <span class='ocrx_word' id='word_1_461' title='bbox 2025 3860 2179 3918; x_wconf 80' lang='lat' dir='ltr'>Jerusalem</span> <span class='ocrx_word' id='word_1_462' title='bbox 2192 3859 2233 3914; x_wconf 90' lang='lat' dir='ltr'>ln·</span> 
     </span>
     <span class='ocr_line' id='line_1_36' title="bbox 616 3949 2233 4031; baseline -0.003 -22"><span class='ocrx_word' id='word_1_463' title='bbox 616 3955 746 4027; x_wconf 73' lang='lat' dir='ltr'>mysterio</span> <span class='ocrx_word' id='word_1_464' title='bbox 766 3956 973 4012; x_wconf 89' lang='lat' dir='ltr'>commendatur</span> <span class='ocrx_word' id='word_1_465' title='bbox 990 3956 1122 4013; x_wconf 81' lang='lat' dir='ltr'>duntaxat</span> <span class='ocrx_word' id='word_1_466' title='bbox 1136 3958 1303 4014; x_wconf 78' lang='lat' dir='ltr'>odoriferum</span> <span class='ocrx_word' id='word_1_467' title='bbox 1329 3975 1398 4030; x_wconf 92' lang='lat' dir='ltr'>opus</span> <span class='ocrx_word' id='word_1_468' title='bbox 1454 3960 1586 4031; x_wconf 90' lang='lat' dir='ltr'>greditnr.</span> <span class='ocrx_word' id='word_1_469' title='bbox 1612 3957 1661 4014; x_wconf 92' lang='lat' dir='ltr'>llic</span> <span class='ocrx_word' id='word_1_470' title='bbox 1676 3967 1720 4014; x_wconf 88' lang='lat' dir='ltr'>est</span> <span class='ocrx_word' id='word_1_471' title='bbox 1733 3958 1806 4014; x_wconf 89' lang='lat' dir='ltr'>enirn</span> <span class='ocrx_word' id='word_1_472' title='bbox 1822 3972 1905 4013; x_wconf 89' lang='lat' dir='ltr'>rerus</span> <span class='ocrx_word' id='word_1_473' title='bbox 1917 3957 2024 4027; x_wconf 81' lang='lat' dir='ltr'>Agnus,</span> <span class='ocrx_word' id='word_1_474' title='bbox 2049 3952 2097 4025; x_wconf 94' lang='lat' dir='ltr'>qni</span> <span class='ocrx_word' id='word_1_475' title='bbox 2123 3949 2233 4007; x_wconf 85' lang='lat' dir='ltr'>abstulit</span> 
     </span>
     <span class='ocr_line' id='line_1_37' title="bbox 615 4041 2232 4123; baseline -0.004 -19"><span class='ocrx_word' id='word_1_476' title='bbox 615 4048 809 4120; x_wconf 80' lang='lat' dir='ltr'>elcemosynae;</span> <span class='ocrx_word' id='word_1_477' title='bbox 826 4046 910 4102; x_wconf 83' lang='lat' dir='ltr'>llario</span> <span class='ocrx_word' id='word_1_478' title='bbox 922 4063 1040 4119; x_wconf 91' lang='lat' dir='ltr'>namque</span> <span class='ocrx_word' id='word_1_479' title='bbox 1057 4058 1148 4120; x_wconf 78' lang='lat' dir='ltr'>typum</span> <span class='ocrx_word' id='word_1_480' title='bbox 1161 4050 1245 4120; x_wconf 86' lang='lat' dir='ltr'>gessit</span> <span class='ocrx_word' id='word_1_481' title='bbox 1259 4047 1397 4118; x_wconf 72' lang='lat' dir='ltr'>Ecclesiae,</span> <span class='ocrx_word' id='word_1_482' title='bbox 1448 4061 1558 4123; x_wconf 86' lang='lat' dir='ltr'>peecata</span> <span class='ocrx_word' id='word_1_483' title='bbox 1585 4051 1679 4106; x_wconf 91' lang='lat' dir='ltr'>rnundi</span> <span class='ocrx_word' id='word_1_484' title='bbox 1695 4050 1730 4119; x_wconf 75' lang='lat'>¹¹,</span> <span class='ocrx_word' id='word_1_485' title='bbox 1755 4051 1803 4121; x_wconf 93' lang='lat' dir='ltr'>qui</span> <span class='ocrx_word' id='word_1_486' title='bbox 1828 4055 1881 4104; x_wconf 91' lang='lat' dir='ltr'>bac</span> <span class='ocrx_word' id='word_1_487' title='bbox 1904 4048 2010 4103; x_wconf 90' lang='lat' dir='ltr'>decima</span> <span class='ocrx_word' id='word_1_488' title='bbox 2033 4044 2079 4102; x_wconf 84' lang='lat' dir='ltr'>die</span> <span class='ocrx_word' id='word_1_489' title='bbox 2100 4058 2132 4100; x_wconf 86' lang='lat' dir='ltr'>se</span> <span class='ocrx_word' id='word_1_490' title='bbox 2156 4041 2232 4098; x_wconf 86' lang='lat' dir='ltr'>ollert</span> 
     </span>
     <span class='ocr_line' id='line_1_38' title="bbox 616 4139 2229 4213; baseline -0.004 -19"><span class='ocrx_word' id='word_1_491' title='bbox 616 4140 698 4210; x_wconf 89' lang='lat' dir='ltr'>pedes</span> <span class='ocrx_word' id='word_1_492' title='bbox 714 4139 820 4195; x_wconf 88' lang='lat' dir='ltr'>Domini</span> <span class='ocrx_word' id='word_1_493' title='bbox 834 4155 968 4210; x_wconf 88' lang='lat' dir='ltr'>pauperes</span> <span class='ocrx_word' id='word_1_494' title='bbox 983 4149 1048 4195; x_wconf 91' lang='lat' dir='ltr'>sunt</span> <span class='ocrx_word' id='word_1_495' title='bbox 1066 4150 1094 4196; x_wconf 91' lang='lat' dir='ltr'>et</span> <span class='ocrx_word' id='word_1_496' title='bbox 1108 4139 1207 4196; x_wconf 91' lang='lat' dir='ltr'>inlirmi</span> <span class='ocrx_word' id='word_1_497' title='bbox 1222 4143 1285 4213; x_wconf 90' lang='lat' dir='ltr'>qni,</span> <span class='ocrx_word' id='word_1_498' title='bbox 1301 4157 1399 4213; x_wconf 91' lang='lat' dir='ltr'>quam·</span> <span class='ocrx_word' id='word_1_499' title='bbox 1448 4142 1599 4199; x_wconf 79' lang='lat' dir='ltr'>Jerusalem</span> <span class='ocrx_word' id='word_1_500' title='bbox 1615 4141 1772 4213; x_wconf 89' lang='lat' dir='ltr'>ingrediens</span> <span class='ocrx_word' id='word_1_501' title='bbox 1786 4141 1918 4212; x_wconf 87' lang='lat' dir='ltr'>passioni.</span> <span class='ocrx_word' id='word_1_502' title='bbox 1935 4139 2114 4210; x_wconf 88' lang='lat' dir='ltr'>lngressurus</span> <span class='ocrx_word' id='word_1_503' title='bbox 2127 4147 2229 4200; x_wconf 87' lang='lat' dir='ltr'>autern,</span> 
     </span>
     <span class='ocr_line' id='line_1_39' title="bbox 614 4228 2231 4305; baseline -0.001 -21"><span class='ocrx_word' id='word_1_504' title='bbox 614 4233 657 4287; x_wconf 82' lang='lat' dir='ltr'>ris</span> <span class='ocrx_word' id='word_1_505' title='bbox 680 4241 800 4287; x_wconf 80' lang='lat' dir='ltr'>extrema</span> <span class='ocrx_word' id='word_1_506' title='bbox 824 4232 890 4295; x_wconf 87' lang='lat' dir='ltr'>sint,</span> <span class='ocrx_word' id='word_1_507' title='bbox 915 4232 974 4301; x_wconf 86' lang='lat' dir='ltr'>ejus</span> <span class='ocrx_word' id='word_1_508' title='bbox 998 4242 1089 4288; x_wconf 91' lang='lat' dir='ltr'>tamen</span> <span class='ocrx_word' id='word_1_509' title='bbox 1115 4240 1179 4288; x_wconf 88' lang='lat' dir='ltr'>sunt</span> <span class='ocrx_word' id='word_1_510' title='bbox 1204 4235 1325 4290; x_wconf 89' lang='lat' dir='ltr'>membra</span> <span class='ocrx_word' id='word_1_511' title='bbox 1350 4250 1398 4304; x_wconf 85' lang='lat' dir='ltr'>per</span> <span class='ocrx_word' id='word_1_512' title='bbox 1449 4245 1479 4290; x_wconf 93' lang='lat' dir='ltr'>ut</span> <span class='ocrx_word' id='word_1_513' title='bbox 1494 4236 1520 4290; x_wconf 93' lang='lat' dir='ltr'>in</span> <span class='ocrx_word' id='word_1_514' title='bbox 1545 4235 1678 4289; x_wconf 88' lang='lat' dir='ltr'>lrodiernn</span> <span class='ocrx_word' id='word_1_515' title='bbox 1701 4233 1800 4305; x_wconf 88' lang='lat' dir='ltr'>legitur</span> <span class='ocrx_word' id='word_1_516' title='bbox 1823 4230 1976 4304; x_wconf 87' lang='lat' dir='ltr'>euangelio,</span> <span class='ocrx_word' id='word_1_517' title='bbox 2009 4228 2144 4301; x_wconf 66' lang='lat' dir='ltr'>praemisit</span> <span class='ocrx_word' id='word_1_518' title='bbox 2165 4229 2231 4283; x_wconf 87' lang='lat' dir='ltr'>duos</span> 
     </span>
     <span class='ocr_line' id='line_1_40' title="bbox 614 4321 2231 4396; baseline -0.002 -17"><span class='ocrx_word' id='word_1_519' title='bbox 614 4323 834 4394; x_wconf 83' lang='lat' dir='ltr'>conjunctionem</span> <span class='ocrx_word' id='word_1_520' title='bbox 849 4333 876 4378; x_wconf 92' lang='lat' dir='ltr'>et</span> <span class='ocrx_word' id='word_1_521' title='bbox 892 4325 1023 4378; x_wconf 88' lang='lat' dir='ltr'>unitatem</span> <span class='ocrx_word' id='word_1_522' title='bbox 1039 4324 1111 4378; x_wconf 87' lang='lat' dir='ltr'>lidei.</span> <span class='ocrx_word' id='word_1_523' title='bbox 1140 4323 1330 4395; x_wconf 88' lang='lat' dir='ltr'>llulierpedcs</span> <span class='ocrx_word' id='word_1_524' title='bbox 1347 4325 1399 4380; x_wconf 84' lang='lat' dir='ltr'>Do-</span> <span class='ocrx_word' id='word_1_525' title='bbox 1448 4328 1616 4396; x_wconf 85' lang='lat' dir='ltr'>discipulos,</span> <span class='ocrx_word' id='word_1_526' title='bbox 1648 4336 1678 4380; x_wconf 94' lang='lat' dir='ltr'>ut</span> <span class='ocrx_word' id='word_1_527' title='bbox 1706 4326 1873 4381; x_wconf 87' lang='lat' dir='ltr'>adducerent</span> <span class='ocrx_word' id='word_1_528' title='bbox 1899 4324 2004 4379; x_wconf 89' lang='lat' dir='ltr'>asinam</span> <span class='ocrx_word' id='word_1_529' title='bbox 2028 4321 2179 4393; x_wconf 85' lang='lat' dir='ltr'>alligatam,</span> <span class='ocrx_word' id='word_1_530' title='bbox 2205 4327 2231 4376; x_wconf 83' lang='lat' dir='ltr'>et</span> 
     </span>
     <span class='ocr_line' id='line_1_41' title="bbox 616 4415 2231 4491; baseline -0.002 -21"><span class='ocrx_word' id='word_1_531' title='bbox 616 4416 684 4471; x_wconf 91' lang='lat' dir='ltr'>mini</span> <span class='ocrx_word' id='word_1_532' title='bbox 710 4415 797 4486; x_wconf 94' lang='lat' dir='ltr'>ungit,</span> <span class='ocrx_word' id='word_1_533' title='bbox 821 4424 849 4469; x_wconf 91' lang='lat' dir='ltr'>et</span> <span class='ocrx_word' id='word_1_534' title='bbox 873 4415 978 4485; x_wconf 88' lang='lat' dir='ltr'>capillis</span> <span class='ocrx_word' id='word_1_535' title='bbox 1002 4415 1060 4471; x_wconf 87' lang='lat' dir='ltr'>suis</span> <span class='ocrx_word' id='word_1_536' title='bbox 1083 4415 1131 4486; x_wconf 93' lang='lat' dir='ltr'>qui</span> <span class='ocrx_word' id='word_1_537' title='bbox 1158 4417 1267 4486; x_wconf 90' lang='lat' dir='ltr'>corpori</span> <span class='ocrx_word' id='word_1_538' title='bbox 1295 4417 1397 4484; x_wconf 91' lang='lat' dir='ltr'>lluunt,</span> <span class='ocrx_word' id='word_1_539' title='bbox 1449 4421 1553 4491; x_wconf 91' lang='lat' dir='ltr'>pullum</span> <span class='ocrx_word' id='word_1_540' title='bbox 1567 4434 1629 4474; x_wconf 92' lang='lat' dir='ltr'>cum</span> <span class='ocrx_word' id='word_1_541' title='bbox 1644 4433 1687 4473; x_wconf 88' lang='lat' dir='ltr'>ea.</span> <span class='ocrx_word' id='word_1_542' title='bbox 1701 4416 2145 4485; x_wconf 82' lang='lat' dir='ltr'>lldducentesreroinrposrrerant</span> <span class='ocrx_word' id='word_1_543' title='bbox 2159 4427 2231 4482; x_wconf 80' lang='lat' dir='ltr'>asper</span> 
     </span>
     <span class='ocr_line' id='line_1_42' title="bbox 615 4505 2229 4581; baseline -0.006 -17"><span class='ocrx_word' id='word_1_544' title='bbox 615 4510 741 4581; x_wconf 77' lang='lat' dir='ltr'>extergit,</span> <span class='ocrx_word' id='word_1_545' title='bbox 766 4508 875 4579; x_wconf 90' lang='lat' dir='ltr'>quoties</span> <span class='ocrx_word' id='word_1_546' title='bbox 888 4509 994 4574; x_wconf 86' lang='lat' dir='ltr'>divites,</span> <span class='ocrx_word' id='word_1_547' title='bbox 1008 4507 1131 4580; x_wconf 86' lang='lat' dir='ltr'>quisunt</span> <span class='ocrx_word' id='word_1_548' title='bbox 1145 4508 1172 4563; x_wconf 91' lang='lat' dir='ltr'>in</span> <span class='ocrx_word' id='word_1_549' title='bbox 1187 4508 1318 4576; x_wconf 86' lang='lat' dir='ltr'>Ecclesia,</span> <span class='ocrx_word' id='word_1_550' title='bbox 1332 4527 1399 4580; x_wconf 90' lang='lat' dir='ltr'>pan·</span> <span class='ocrx_word' id='word_1_551' title='bbox 1448 4527 1491 4565; x_wconf 80' lang='lat' dir='ltr'>eor</span> <span class='ocrx_word' id='word_1_552' title='bbox 1507 4509 1660 4564; x_wconf 83' lang='lat' dir='ltr'>uestimenta</span> <span class='ocrx_word' id='word_1_553' title='bbox 1676 4525 1735 4579; x_wconf 83' lang='lat' dir='ltr'>suu,</span> <span class='ocrx_word' id='word_1_554' title='bbox 1752 4518 1777 4562; x_wconf 92' lang='lat' dir='ltr'>et</span> <span class='ocrx_word' id='word_1_555' title='bbox 1789 4524 1848 4562; x_wconf 85' lang='lat' dir='ltr'>eunt</span> <span class='ocrx_word' id='word_1_556' title='bbox 1866 4507 1978 4577; x_wconf 81' lang='lat' dir='ltr'>desuper</span> <span class='ocrx_word' id='word_1_557' title='bbox 1991 4507 2082 4560; x_wconf 78' lang='lat' dir='ltr'>sedere</span> <span class='ocrx_word' id='word_1_558' title='bbox 2097 4505 2229 4575; x_wconf 67' lang='lat' dir='ltr'>[ecermr</span> 
     </span>
     <span class='ocr_line' id='line_1_43' title="bbox 616 4596 2269 4672; baseline -0.005 -18"><span class='ocrx_word' id='word_1_559' title='bbox 616 4616 695 4672; x_wconf 89' lang='lat' dir='ltr'>peres</span> <span class='ocrx_word' id='word_1_560' title='bbox 716 4601 808 4656; x_wconf 91' lang='lat' dir='ltr'>lldeles</span> <span class='ocrx_word' id='word_1_561' title='bbox 832 4601 1018 4657; x_wconf 85' lang='lat' dir='ltr'>blandimento</span> <span class='ocrx_word' id='word_1_562' title='bbox 1045 4601 1241 4657; x_wconf 76' lang='lat' dir='ltr'>misericordiae</span> <span class='ocrx_word' id='word_1_563' title='bbox 1255 4599 1356 4668; x_wconf 81' lang='lat' dir='ltr'>iurent,</span> <span class='ocrx_word' id='word_1_564' title='bbox 1372 4612 1399 4659; x_wconf 93' lang='lat' dir='ltr'>et</span> <span class='ocrx_word' id='word_1_565' title='bbox 1448 4600 1564 4671; x_wconf 85' lang='lat' dir='ltr'>plurimo</span> <span class='ocrx_word' id='word_1_566' title='bbox 1580 4612 1669 4654; x_wconf 84' lang='lat' dir='ltr'>artent</span> <span class='ocrx_word' id='word_1_567' title='bbox 1693 4597 1770 4653; x_wconf 81' lang='lat' dir='ltr'>tardo</span> <span class='ocrx_word' id='word_1_568' title='bbox 1796 4606 1945 4653; x_wconf 82' lang='lat' dir='ltr'>errauerunt</span> <span class='ocrx_word' id='word_1_569' title='bbox 1965 4597 2123 4652; x_wconf 80' lang='lat' dir='ltr'>retrimenta</span> <span class='ocrx_word' id='word_1_570' title='bbox 2147 4597 2229 4650; x_wconf 77' lang='lat' dir='ltr'>raaia</span> <span class='ocrx_word' id='word_1_571' title='bbox 2267 4596 2269 4617; x_wconf 80' lang='lat'>³</span> 
     </span>
     <span class='ocr_line' id='line_1_44' title="bbox 615 4682 2228 4764; baseline -0.01 -14"><span class='ocrx_word' id='word_1_572' title='bbox 615 4693 650 4750; x_wconf 89' lang='lat' dir='ltr'>de</span> <span class='ocrx_word' id='word_1_573' title='bbox 667 4694 710 4750; x_wconf 88' lang='lat' dir='ltr'>lris</span> <span class='ocrx_word' id='word_1_574' title='bbox 722 4709 783 4764; x_wconf 84' lang='lat' dir='ltr'>quae</span> <span class='ocrx_word' id='word_1_575' title='bbox 807 4693 858 4747; x_wconf 88' lang='lat' dir='ltr'>sibi</span> <span class='ocrx_word' id='word_1_576' title='bbox 882 4694 1039 4757; x_wconf 89' lang='lat' dir='ltr'>abundant,</span> <span class='ocrx_word' id='word_1_577' title='bbox 1055 4693 1163 4748; x_wconf 89' lang='lat' dir='ltr'>illorum</span> <span class='ocrx_word' id='word_1_578' title='bbox 1186 4692 1309 4763; x_wconf 88' lang='lat' dir='ltr'>inopiam</span> <span class='ocrx_word' id='word_1_579' title='bbox 1332 4708 1398 4763; x_wconf 90' lang='lat' dir='ltr'>sup·</span> <span class='ocrx_word' id='word_1_580' title='bbox 1449 4694 1501 4757; x_wconf 83' lang='lat' dir='ltr'>oin,</span> <span class='ocrx_word' id='word_1_581' title='bbox 1517 4692 1565 4745; x_wconf 86' lang='lat' dir='ltr'>olii</span> <span class='ocrx_word' id='word_1_582' title='bbox 1585 4702 1671 4745; x_wconf 86' lang='lat' dir='ltr'>antem</span> <span class='ocrx_word' id='word_1_583' title='bbox 1683 4691 1817 4745; x_wconf 78' lang='lat' dir='ltr'>coaetant</span> <span class='ocrx_word' id='word_1_584' title='bbox 1832 4705 1921 4742; x_wconf 76' lang='lat' dir='ltr'>ratitos</span> <span class='ocrx_word' id='word_1_585' title='bbox 1936 4686 1968 4741; x_wconf 84' lang='lat' dir='ltr'>tle</span> <span class='ocrx_word' id='word_1_586' title='bbox 1982 4685 2135 4754; x_wconf 73' lang='lat' dir='ltr'>uttenbura,</span> <span class='ocrx_word' id='word_1_587' title='bbox 2152 4694 2177 4741; x_wconf 93' lang='lat' dir='ltr'>et</span> <span class='ocrx_word' id='word_1_588' title='bbox 2188 4682 2228 4755; x_wconf 80' lang='lat' dir='ltr'>gai</span> 
     </span>
     <span class='ocr_line' id='line_1_45' title="bbox 615 4776 2228 4857; baseline -0.007 -16"><span class='ocrx_word' id='word_1_589' title='bbox 615 4785 874 4857; x_wconf 73' lang='lat' dir='ltr'>plentbugustinus</span> <span class='ocrx_word' id='word_1_590' title='bbox 884 4785 1033 4856; x_wconf 91' lang='lat' dir='ltr'>dicitquod</span> <span class='ocrx_word' id='word_1_591' title='bbox 1042 4785 1282 4856; x_wconf 88' lang='lat' dir='ltr'>illudunguentum</span> <span class='ocrx_word' id='word_1_592' title='bbox 1291 4785 1398 4856; x_wconf 84' lang='lat' dir='ltr'>justitia</span> <span class='ocrx_word' id='word_1_593' title='bbox 1449 4782 1589 4852; x_wconf 76' lang='lat' dir='ltr'>praeibant,</span> <span class='ocrx_word' id='word_1_594' title='bbox 1605 4792 1630 4836; x_wconf 90' lang='lat' dir='ltr'>et</span> <span class='ocrx_word' id='word_1_595' title='bbox 1643 4783 1827 4851; x_wconf 77' lang='lat' dir='ltr'>sequebantur,</span> <span class='ocrx_word' id='word_1_596' title='bbox 1844 4779 2017 4834; x_wconf 83' lang='lat' dir='ltr'>clamabant:</span> <span class='ocrx_word' id='word_1_597' title='bbox 2037 4777 2169 4834; x_wconf 81' lang='lat' dir='ltr'>lloaauna</span> <span class='ocrx_word' id='word_1_598' title='bbox 2177 4776 2228 4848; x_wconf 69' lang='lat' dir='ltr'>filia</span> 
     </span>
     <span class='ocr_line' id='line_1_46' title="bbox 615 4856 2197 4948; baseline -0.004 -16"><span class='ocrx_word' id='word_1_599' title='bbox 615 4876 678 4943; x_wconf 84' lang='lat' dir='ltr'>luit,</span> <span class='ocrx_word' id='word_1_600' title='bbox 699 4877 816 4948; x_wconf 88' lang='lat' dir='ltr'>ideoque</span> <span class='ocrx_word' id='word_1_601' title='bbox 837 4875 905 4930; x_wconf 90' lang='lat' dir='ltr'>libra</span> <span class='ocrx_word' id='word_1_602' title='bbox 921 4874 983 4931; x_wconf 89' lang='lat' dir='ltr'>luit.</span> <span class='ocrx_word' id='word_1_603' title='bbox 1010 4875 1085 4946; x_wconf 88' lang='lat' dir='ltr'>Dnge</span> <span class='ocrx_word' id='word_1_604' title='bbox 1102 4876 1194 4946; x_wconf 86' lang='lat' dir='ltr'>itaque</span> <span class='ocrx_word' id='word_1_605' title='bbox 1216 4877 1299 4946; x_wconf 89' lang='lat' dir='ltr'>pedes</span> <span class='ocrx_word' id='word_1_606' title='bbox 1319 4876 1395 4941; x_wconf 82' lang='lat' dir='ltr'>lesu,</span> <span class='ocrx_word' id='word_1_607' title='bbox 1413 4856 1546 4940; x_wconf 67' lang='lat' dir='ltr'>fluenta,</span> <span class='ocrx_word' id='word_1_608' title='bbox 1565 4873 1723 4929; x_wconf 79' lang='lat' dir='ltr'>Benedictus</span> <span class='ocrx_word' id='word_1_609' title='bbox 1738 4875 1784 4942; x_wconf 89' lang='lat' dir='ltr'>qai</span> <span class='ocrx_word' id='word_1_610' title='bbox 1800 4875 1910 4928; x_wconf 77' lang='lat' dir='ltr'>venitin</span> <span class='ocrx_word' id='word_1_611' title='bbox 1924 4871 2152 4927; x_wconf 81' lang='lat' dir='ltr'>nomineDotnirri</span> <span class='ocrx_word' id='word_1_612' title='bbox 2166 4871 2197 4924; x_wconf 78' lang='lat'>&#39;⁰.</span> 
     </span>
     <span class='ocr_line' id='line_1_47' title="bbox 618 4961 2227 5040; baseline -0.001 -20"><span class='ocrx_word' id='word_1_613' title='bbox 618 4967 692 5036; x_wconf 83' lang='lat' dir='ltr'>juste</span> <span class='ocrx_word' id='word_1_614' title='bbox 706 4967 842 5033; x_wconf 83' lang='lat' dir='ltr'>virendo,</span> <span class='ocrx_word' id='word_1_615' title='bbox 858 4967 917 5037; x_wconf 85' lang='lat' dir='ltr'>ejus</span> <span class='ocrx_word' id='word_1_616' title='bbox 932 4976 1038 5022; x_wconf 86' lang='lat' dir='ltr'>sectare</span> <span class='ocrx_word' id='word_1_617' title='bbox 1051 4967 1174 5039; x_wconf 82' lang='lat' dir='ltr'>vestigia,</span> <span class='ocrx_word' id='word_1_618' title='bbox 1190 4968 1296 5037; x_wconf 92' lang='lat' dir='ltr'>capillis</span> <span class='ocrx_word' id='word_1_619' title='bbox 1310 4977 1395 5040; x_wconf 90' lang='lat' dir='ltr'>terge,</span> <span class='ocrx_word' id='word_1_620' title='bbox 1485 4963 1597 5036; x_wconf 82' lang='lat' dir='ltr'>llystice</span> <span class='ocrx_word' id='word_1_621' title='bbox 1612 4983 1619 5019; x_wconf 73' lang='grc' dir='ltr'>ι</span> <span class='ocrx_word' id='word_1_622' title='bbox 1635 4967 1772 5034; x_wconf 86' lang='lat' dir='ltr'>equitatus</span> <span class='ocrx_word' id='word_1_623' title='bbox 1790 4975 1866 5029; x_wconf 90' lang='lat' dir='ltr'>tuus,</span> <span class='ocrx_word' id='word_1_624' title='bbox 1882 4980 1900 5021; x_wconf 91' lang='lat' dir='ltr'>o</span> <span class='ocrx_word' id='word_1_625' title='bbox 1914 4962 2040 5027; x_wconf 84' lang='lat' dir='ltr'>Domine,</span> <span class='ocrx_word' id='word_1_626' title='bbox 2062 4963 2178 5020; x_wconf 87' lang='lat' dir='ltr'>salratio</span> <span class='ocrx_word' id='word_1_627' title='bbox 2190 4961 2227 5027; x_wconf 82' lang='lat'>”;</span> 
     </span>
     <span class='ocr_line' id='line_1_48' title="bbox 615 5055 2228 5130; baseline -0.002 -20"><span class='ocrx_word' id='word_1_628' title='bbox 615 5058 781 5129; x_wconf 90' lang='lat' dir='ltr'>pauperibus</span> <span class='ocrx_word' id='word_1_629' title='bbox 806 5058 840 5112; x_wconf 89' lang='lat' dir='ltr'>de</span> <span class='ocrx_word' id='word_1_630' title='bbox 862 5057 1006 5128; x_wconf 81' lang='lat' dir='ltr'>superfluis</span> <span class='ocrx_word' id='word_1_631' title='bbox 1022 5058 1078 5113; x_wconf 90' lang='lat' dir='ltr'>tuis</span> <span class='ocrx_word' id='word_1_632' title='bbox 1099 5057 1233 5128; x_wconf 89' lang='lat' dir='ltr'>impende.</span> <span class='ocrx_word' id='word_1_633' title='bbox 1249 5057 1286 5114; x_wconf 85' lang='lat' dir='ltr'>Ut</span> <span class='ocrx_word' id='word_1_634' title='bbox 1305 5060 1397 5130; x_wconf 91' lang='lat' dir='ltr'>itaque</span> <span class='ocrx_word' id='word_1_635' title='bbox 1448 5073 1497 5129; x_wconf 89' lang='lat' dir='ltr'>per</span> <span class='ocrx_word' id='word_1_636' title='bbox 1508 5058 1646 5112; x_wconf 79' lang='lat' dir='ltr'>barcenim</span> <span class='ocrx_word' id='word_1_637' title='bbox 1662 5056 1820 5128; x_wconf 77' lang='lat' dir='ltr'>signiumsti</span> <span class='ocrx_word' id='word_1_638' title='bbox 1836 5055 1910 5126; x_wconf 91' lang='lat' dir='ltr'>quod</span> <span class='ocrx_word' id='word_1_639' title='bbox 1925 5069 2093 5110; x_wconf 68' lang='lat' dir='ltr'>ascensurus</span> <span class='ocrx_word' id='word_1_640' title='bbox 2107 5055 2228 5116; x_wconf 78' lang='lat' dir='ltr'>adnoca-</span> 
     </span>
     <span class='ocr_line' id='line_1_49' title="bbox 616 5143 2228 5218; baseline -0.002 -17"><span class='ocrx_word' id='word_1_641' title='bbox 616 5147 745 5203; x_wconf 90' lang='lat' dir='ltr'>dominus</span> <span class='ocrx_word' id='word_1_642' title='bbox 767 5162 835 5218; x_wconf 89' lang='lat' dir='ltr'>papa</span> <span class='ocrx_word' id='word_1_643' title='bbox 859 5148 992 5202; x_wconf 88' lang='lat' dir='ltr'>celebrem</span> <span class='ocrx_word' id='word_1_644' title='bbox 1007 5163 1070 5203; x_wconf 92' lang='lat' dir='ltr'>cum</span> <span class='ocrx_word' id='word_1_645' title='bbox 1085 5146 1190 5203; x_wconf 85' lang='lat' dir='ltr'>llartba</span> <span class='ocrx_word' id='word_1_646' title='bbox 1210 5148 1394 5214; x_wconf 86' lang='lat' dir='ltr'>ministrante,</span> <span class='ocrx_word' id='word_1_647' title='bbox 1449 5158 1503 5205; x_wconf 85' lang='lat' dir='ltr'>torn</span> <span class='ocrx_word' id='word_1_648' title='bbox 1516 5149 1676 5215; x_wconf 86' lang='lat' dir='ltr'>Dlirarum,</span> <span class='ocrx_word' id='word_1_649' title='bbox 1696 5147 1723 5203; x_wconf 92' lang='lat' dir='ltr'>id</span> <span class='ocrx_word' id='word_1_650' title='bbox 1738 5159 1780 5203; x_wconf 88' lang='lat' dir='ltr'>est</span> <span class='ocrx_word' id='word_1_651' title='bbox 1801 5151 1833 5203; x_wconf 88' lang='lat' dir='ltr'>ad</span> <span class='ocrx_word' id='word_1_652' title='bbox 1849 5148 1990 5202; x_wconf 83' lang='lat' dir='ltr'>dexteram</span> <span class='ocrx_word' id='word_1_653' title='bbox 2002 5143 2104 5212; x_wconf 82' lang='lat' dir='ltr'>Patris,</span> <span class='ocrx_word' id='word_1_654' title='bbox 2118 5146 2165 5216; x_wconf 92' lang='lat' dir='ltr'>qni</span> <span class='ocrx_word' id='word_1_655' title='bbox 2192 5151 2228 5197; x_wconf 87' lang='lat' dir='ltr'>est</span> 
     </span>
     <span class='ocr_line' id='line_1_50' title="bbox 616 5235 2228 5313; baseline 0 -21"><span class='ocrx_word' id='word_1_656' title='bbox 616 5238 660 5292; x_wconf 86' lang='lat' dir='ltr'>rel</span> <span class='ocrx_word' id='word_1_657' title='bbox 674 5252 736 5293; x_wconf 90' lang='lat' dir='ltr'>cum</span> <span class='ocrx_word' id='word_1_658' title='bbox 761 5238 846 5293; x_wconf 88' lang='lat' dir='ltr'>llaria</span> <span class='ocrx_word' id='word_1_659' title='bbox 867 5239 947 5308; x_wconf 90' lang='lat' dir='ltr'>pedes</span> <span class='ocrx_word' id='word_1_660' title='bbox 972 5247 1106 5311; x_wconf 90' lang='lat' dir='ltr'>ungente,</span> <span class='ocrx_word' id='word_1_661' title='bbox 1129 5240 1234 5311; x_wconf 92' lang='lat' dir='ltr'>capillis</span> <span class='ocrx_word' id='word_1_662' title='bbox 1256 5250 1394 5313; x_wconf 72' lang='lat' dir='ltr'>tergente,</span> <span class='ocrx_word' id='word_1_663' title='bbox 1452 5241 1557 5297; x_wconf 74' lang='lat' dir='ltr'>«Pater</span> <span class='ocrx_word' id='word_1_664' title='bbox 1581 5241 1833 5298; x_wconf 88' lang='lat' dir='ltr'>misericordiarum</span> <span class='ocrx_word' id='word_1_665' title='bbox 1858 5249 1885 5296; x_wconf 91' lang='lat' dir='ltr'>ct</span> <span class='ocrx_word' id='word_1_666' title='bbox 1900 5238 1971 5295; x_wconf 91' lang='lat' dir='ltr'>Deus</span> <span class='ocrx_word' id='word_1_667' title='bbox 1995 5240 2082 5294; x_wconf 85' lang='lat' dir='ltr'>totius</span> <span class='ocrx_word' id='word_1_668' title='bbox 2106 5235 2228 5294; x_wconf 77' lang='lat' dir='ltr'>consola·</span> 
     </span>
     <span class='ocr_line' id='line_1_51' title="bbox 618 5326 2228 5405; baseline 0.001 -24"><span class='ocrx_word' id='word_1_669' title='bbox 618 5327 733 5383; x_wconf 90' lang='lat' dir='ltr'>Domino</span> <span class='ocrx_word' id='word_1_670' title='bbox 756 5344 862 5385; x_wconf 88' lang='lat' dir='ltr'>coerrarn</span> <span class='ocrx_word' id='word_1_671' title='bbox 884 5331 1021 5397; x_wconf 81' lang='lat' dir='ltr'>exhibeat,</span> <span class='ocrx_word' id='word_1_672' title='bbox 1042 5331 1096 5387; x_wconf 87' lang='lat' dir='ltr'>lroc</span> <span class='ocrx_word' id='word_1_673' title='bbox 1111 5329 1230 5387; x_wconf 89' lang='lat' dir='ltr'>Sabbato</span> <span class='ocrx_word' id='word_1_674' title='bbox 1247 5333 1399 5405; x_wconf 79' lang='lat' dir='ltr'>eleemosp·</span> <span class='ocrx_word' id='word_1_675' title='bbox 1451 5334 1533 5391; x_wconf 86' lang='lat' dir='ltr'>tionis</span> <span class='ocrx_word' id='word_1_676' title='bbox 1548 5335 1582 5403; x_wconf 63' lang='lat'>2¹,</span> <span class='ocrx_word' id='word_1_677' title='bbox 1601 5353 1611 5386; x_wconf 81' lang='lat' dir='ltr'>r</span> <span class='ocrx_word' id='word_1_678' title='bbox 1629 5335 1742 5389; x_wconf 89' lang='lat' dir='ltr'>mittens</span> <span class='ocrx_word' id='word_1_679' title='bbox 1766 5332 1921 5403; x_wconf 88' lang='lat' dir='ltr'>apostolos,-</span> <span class='ocrx_word' id='word_1_680' title='bbox 1946 5331 2008 5403; x_wconf 89' lang='lat' dir='ltr'>qui,</span> <span class='ocrx_word' id='word_1_681' title='bbox 2023 5329 2128 5402; x_wconf 84' lang='lat' dir='ltr'>ligandi</span> <span class='ocrx_word' id='word_1_682' title='bbox 2140 5338 2168 5386; x_wconf 88' lang='lat' dir='ltr'>et</span> <span class='ocrx_word' id='word_1_683' title='bbox 2180 5326 2228 5384; x_wconf 85' lang='lat' dir='ltr'>sol·</span> 
     </span>
     <span class='ocr_line' id='line_1_52' title="bbox 617 5419 2227 5496; baseline -0.001 -22"><span class='ocrx_word' id='word_1_684' title='bbox 617 5434 681 5474; x_wconf 87' lang='lat' dir='ltr'>narn</span> <span class='ocrx_word' id='word_1_685' title='bbox 710 5420 803 5485; x_wconf 87' lang='lat' dir='ltr'>donat,</span> <span class='ocrx_word' id='word_1_686' title='bbox 829 5431 859 5476; x_wconf 93' lang='lat' dir='ltr'>ut</span> <span class='ocrx_word' id='word_1_687' title='bbox 882 5421 1008 5477; x_wconf 81' lang='lat' dir='ltr'>exbibeat</span> <span class='ocrx_word' id='word_1_688' title='bbox 1028 5423 1158 5479; x_wconf 90' lang='lat' dir='ltr'>membris</span> <span class='ocrx_word' id='word_1_689' title='bbox 1178 5422 1298 5490; x_wconf 80' lang='lat' dir='ltr'>Christi,</span> <span class='ocrx_word' id='word_1_690' title='bbox 1323 5425 1397 5496; x_wconf 94' lang='lat' dir='ltr'>quod</span> <span class='ocrx_word' id='word_1_691' title='bbox 1450 5423 1530 5480; x_wconf 83' lang='lat' dir='ltr'>rerrdi</span> <span class='ocrx_word' id='word_1_692' title='bbox 1546 5432 1678 5494; x_wconf 89' lang='lat' dir='ltr'>potestate</span> <span class='ocrx_word' id='word_1_693' title='bbox 1693 5432 1799 5494; x_wconf 89' lang='lat' dir='ltr'>recepta</span> <span class='ocrx_word' id='word_1_694' title='bbox 1811 5422 1845 5487; x_wconf 82' lang='lat'>”,</span> <span class='ocrx_word' id='word_1_695' title='bbox 1861 5423 1966 5478; x_wconf 89' lang='lat' dir='ltr'>asinam</span> <span class='ocrx_word' id='word_1_696' title='bbox 1984 5431 2012 5476; x_wconf 88' lang='lat' dir='ltr'>et</span> <span class='ocrx_word' id='word_1_697' title='bbox 2025 5421 2143 5492; x_wconf 89' lang='lat' dir='ltr'>pullum,</span> <span class='ocrx_word' id='word_1_698' title='bbox 2155 5419 2227 5475; x_wconf 82' lang='lat' dir='ltr'>ideal</span> 
     </span>
     <span class='ocr_line' id='line_1_53' title="bbox 617 5511 2227 5588; baseline 0 -22"><span class='ocrx_word' id='word_1_699' title='bbox 617 5511 721 5566; x_wconf 83' lang='lat' dir='ltr'>derotae</span> <span class='ocrx_word' id='word_1_700' title='bbox 745 5512 873 5568; x_wconf 89' lang='lat' dir='ltr'>mulieres</span> <span class='ocrx_word' id='word_1_701' title='bbox 892 5513 1040 5568; x_wconf 88' lang='lat' dir='ltr'>etlribuere</span> <span class='ocrx_word' id='word_1_702' title='bbox 1065 5515 1158 5586; x_wconf 90' lang='lat' dir='ltr'>capiti,</span> <span class='ocrx_word' id='word_1_703' title='bbox 1184 5524 1212 5570; x_wconf 86' lang='lat' dir='ltr'>et</span> <span class='ocrx_word' id='word_1_704' title='bbox 1236 5516 1276 5572; x_wconf 91' lang='lat' dir='ltr'>sic</span> <span class='ocrx_word' id='word_1_705' title='bbox 1300 5516 1398 5573; x_wconf 89' lang='lat' dir='ltr'>domus</span> <span class='ocrx_word' id='word_1_706' title='bbox 1450 5515 1594 5573; x_wconf 74' lang='lat' dir='ltr'>ludoicum</span> <span class='ocrx_word' id='word_1_707' title='bbox 1612 5516 1742 5588; x_wconf 93' lang='lat' dir='ltr'>populum</span> <span class='ocrx_word' id='word_1_708' title='bbox 1757 5525 1784 5571; x_wconf 91' lang='lat' dir='ltr'>et</span> <span class='ocrx_word' id='word_1_709' title='bbox 1797 5516 1943 5588; x_wconf 89' lang='lat' dir='ltr'>gentilem,</span> <span class='ocrx_word' id='word_1_710' title='bbox 1966 5514 2001 5569; x_wconf 91' lang='lat' dir='ltr'>ab</span> <span class='ocrx_word' id='word_1_711' title='bbox 2025 5513 2159 5569; x_wconf 85' lang='lat' dir='ltr'>oneribus</span> <span class='ocrx_word' id='word_1_712' title='bbox 2173 5523 2227 5583; x_wconf 83' lang='lat' dir='ltr'>per·</span> 
     </span>
     <span class='ocr_line' id='line_1_54' title="bbox 618 5598 2226 5678; baseline 0.002 -28"><span class='ocrx_word' id='word_1_713' title='bbox 618 5598 763 5668; x_wconf 88' lang='lat' dir='ltr'>implentur</span> <span class='ocrx_word' id='word_1_714' title='bbox 780 5599 864 5655; x_wconf 90' lang='lat' dir='ltr'>odore</span> <span class='ocrx_word' id='word_1_715' title='bbox 879 5603 1018 5672; x_wconf 88' lang='lat' dir='ltr'>unguenti,</span> <span class='ocrx_word' id='word_1_716' title='bbox 1037 5602 1118 5659; x_wconf 87' lang='lat' dir='ltr'>idest</span> <span class='ocrx_word' id='word_1_717' title='bbox 1132 5603 1399 5663; x_wconf 75' lang='lat' dir='ltr'>nundusretbcele</span> <span class='ocrx_word' id='word_1_718' title='bbox 1451 5619 1575 5665; x_wconf 88' lang='lat' dir='ltr'>catorum</span> <span class='ocrx_word' id='word_1_719' title='bbox 1597 5610 1786 5675; x_wconf 80' lang='lat' dir='ltr'>absolverent,</span> <span class='ocrx_word' id='word_1_720' title='bbox 1801 5618 1846 5672; x_wconf 91' lang='lat' dir='ltr'>et,</span> <span class='ocrx_word' id='word_1_721' title='bbox 1863 5608 1980 5664; x_wconf 88' lang='lat' dir='ltr'>adducto</span> <span class='ocrx_word' id='word_1_722' title='bbox 2001 5621 2103 5678; x_wconf 89' lang='lat' dir='ltr'>genere</span> <span class='ocrx_word' id='word_1_723' title='bbox 2115 5607 2226 5659; x_wconf 85' lang='lat' dir='ltr'>lrutnano</span> 
     </span>
     <span class='ocr_line' id='line_1_55' title="bbox 617 5688 2224 5771; baseline 0.002 -26"><span class='ocrx_word' id='word_1_724' title='bbox 617 5688 660 5745; x_wconf 87' lang='lat' dir='ltr'>sia</span> <span class='ocrx_word' id='word_1_725' title='bbox 686 5691 756 5745; x_wconf 92' lang='lat' dir='ltr'>bona</span> <span class='ocrx_word' id='word_1_726' title='bbox 784 5692 877 5758; x_wconf 90' lang='lat' dir='ltr'>lama,</span> <span class='ocrx_word' id='word_1_727' title='bbox 906 5702 935 5748; x_wconf 88' lang='lat' dir='ltr'>ut</span> <span class='ocrx_word' id='word_1_728' title='bbox 959 5695 1037 5749; x_wconf 89' lang='lat' dir='ltr'>nubis</span> <span class='ocrx_word' id='word_1_729' title='bbox 1061 5695 1222 5751; x_wconf 87' lang='lat' dir='ltr'>imitationis</span> <span class='ocrx_word' id='word_1_730' title='bbox 1247 5699 1396 5767; x_wconf 89' lang='lat' dir='ltr'>pretiosum</span> <span class='ocrx_word' id='word_1_731' title='bbox 1452 5701 1500 5756; x_wconf 92' lang='lat' dir='ltr'>tibi</span> <span class='ocrx_word' id='word_1_732' title='bbox 1522 5716 1570 5771; x_wconf 86' lang='lat' dir='ltr'>per</span> <span class='ocrx_word' id='word_1_733' title='bbox 1585 5701 1675 5766; x_wconf 84' lang='lat' dir='ltr'>iidem,</span> <span class='ocrx_word' id='word_1_734' title='bbox 1702 5700 1882 5771; x_wconf 88' lang='lat' dir='ltr'>supersedens</span> <span class='ocrx_word' id='word_1_735' title='bbox 1906 5701 2000 5765; x_wconf 85' lang='lat' dir='ltr'>(sedes</span> <span class='ocrx_word' id='word_1_736' title='bbox 2022 5698 2098 5754; x_wconf 87' lang='lat' dir='ltr'>enirn</span> <span class='ocrx_word' id='word_1_737' title='bbox 2118 5696 2165 5751; x_wconf 88' lang='lat' dir='ltr'>Dei</span> <span class='ocrx_word' id='word_1_738' title='bbox 2189 5701 2224 5748; x_wconf 81' lang='lat' dir='ltr'>est</span> 
     </span>
     <span class='ocr_line' id='line_1_56' title="bbox 617 5782 2224 5862; baseline 0.002 -24"><span class='ocrx_word' id='word_1_739' title='bbox 617 5782 787 5854; x_wconf 88' lang='lat' dir='ltr'>relinquatur</span> <span class='ocrx_word' id='word_1_740' title='bbox 810 5786 974 5857; x_wconf 79' lang='lat' dir='ltr'>exemplum.</span> <span class='ocrx_word' id='word_1_741' title='bbox 1000 5786 1056 5843; x_wconf 88' lang='lat' dir='ltr'>llac</span> <span class='ocrx_word' id='word_1_742' title='bbox 1069 5790 1150 5844; x_wconf 86' lang='lat' dir='ltr'>etiam</span> <span class='ocrx_word' id='word_1_743' title='bbox 1176 5790 1219 5844; x_wconf 90' lang='lat' dir='ltr'>die</span> <span class='ocrx_word' id='word_1_744' title='bbox 1239 5790 1395 5845; x_wconf 89' lang='lat' dir='ltr'>mandatum</span> <span class='ocrx_word' id='word_1_745' title='bbox 1452 5794 1541 5848; x_wconf 90' lang='lat' dir='ltr'>anima</span> <span class='ocrx_word' id='word_1_746' title='bbox 1551 5792 1618 5862; x_wconf 80' lang='lat' dir='ltr'>justi</span> <span class='ocrx_word' id='word_1_747' title='bbox 1630 5792 1679 5862; x_wconf 80' lang='lat'>⁸⁰),</span> <span class='ocrx_word' id='word_1_748' title='bbox 1694 5792 1902 5860; x_wconf 86' lang='lat' dir='ltr'>supersedendo</span> <span class='ocrx_word' id='word_1_749' title='bbox 1916 5790 2046 5855; x_wconf 80' lang='lat' dir='ltr'>salvares,</span> <span class='ocrx_word' id='word_1_750' title='bbox 2061 5799 2091 5844; x_wconf 92' lang='lat' dir='ltr'>et</span> <span class='ocrx_word' id='word_1_751' title='bbox 2101 5787 2128 5843; x_wconf 92' lang='lat' dir='ltr'>in</span> <span class='ocrx_word' id='word_1_752' title='bbox 2142 5784 2224 5841; x_wconf 81' lang='lat' dir='ltr'>caelet·</span> 
     </span>
     <span class='ocr_line' id='line_1_57' title="bbox 615 5875 2222 5952; baseline -0.003 -20"><span class='ocrx_word' id='word_1_753' title='bbox 615 5875 751 5942; x_wconf 82' lang='lat' dir='ltr'>celebrat,</span> <span class='ocrx_word' id='word_1_754' title='bbox 776 5892 837 5934; x_wconf 90' lang='lat' dir='ltr'>curn</span> <span class='ocrx_word' id='word_1_755' title='bbox 854 5878 881 5934; x_wconf 95' lang='lat' dir='ltr'>in</span> <span class='ocrx_word' id='word_1_756' title='bbox 905 5894 982 5935; x_wconf 86' lang='lat' dir='ltr'>coena</span> <span class='ocrx_word' id='word_1_757' title='bbox 1007 5878 1114 5936; x_wconf 90' lang='lat' dir='ltr'>Domini</span> <span class='ocrx_word' id='word_1_758' title='bbox 1128 5881 1164 5937; x_wconf 91' lang='lat' dir='ltr'>ob</span> <span class='ocrx_word' id='word_1_759' title='bbox 1182 5882 1397 5952; x_wconf 88' lang='lat' dir='ltr'>magnitudinem</span> <span class='ocrx_word' id='word_1_760' title='bbox 1451 5890 1506 5938; x_wconf 87' lang='lat' dir='ltr'>tem</span> <span class='ocrx_word' id='word_1_761' title='bbox 1520 5881 1670 5938; x_wconf 89' lang='lat' dir='ltr'>lerusalent</span> <span class='ocrx_word' id='word_1_762' title='bbox 1693 5883 1853 5948; x_wconf 87' lang='lat' dir='ltr'>adduceres,</span> <span class='ocrx_word' id='word_1_763' title='bbox 1882 5880 1985 5952; x_wconf 87' lang='lat' dir='ltr'>angelis</span> <span class='ocrx_word' id='word_1_764' title='bbox 2008 5893 2073 5933; x_wconf 91' lang='lat' dir='ltr'>cum</span> <span class='ocrx_word' id='word_1_765' title='bbox 2095 5875 2222 5948; x_wconf 79' lang='lat' dir='ltr'>palmira</span> 
     </span>
     <span class='ocr_line' id='line_1_58' title="bbox 653 5983 2219 6055; baseline -0.001 -10"><span class='ocrx_word' id='word_1_766' title='bbox 653 5990 834 6049; x_wconf 65' lang='lat' dir='ltr'>ursaniae.</span> <span class='ocrx_word' id='word_1_767' title='bbox 885 5994 1060 6051; x_wconf 72' lang='lat' dir='ltr'>”loamli</span> <span class='ocrx_word' id='word_1_768' title='bbox 1108 5996 1279 6053; x_wconf 71' lang='lat' dir='ltr'>“Gemilb</span> <span class='ocrx_word' id='word_1_769' title='bbox 1327 5998 1349 6028; x_wconf 83' lang='lat'>‘¹</span> <span class='ocrx_word' id='word_1_770' title='bbox 1367 5997 1428 6055; x_wconf 89' lang='lat' dir='ltr'>lob.</span> <span class='ocrx_word' id='word_1_771' title='bbox 1449 5997 1475 6052; x_wconf 83' lang='lat' dir='ltr'>u.</span> <span class='ocrx_word' id='word_1_772' title='bbox 1510 5994 1606 6051; x_wconf 79' lang='lat' dir='ltr'>‘&#39;ler.</span> <span class='ocrx_word' id='word_1_773' title='bbox 1628 5995 1670 6050; x_wconf 84' lang='lat' dir='ltr'>ll.</span> <span class='ocrx_word' id='word_1_774' title='bbox 1708 5996 1729 6026; x_wconf 79' lang='lat'>‘²</span> <span class='ocrx_word' id='word_1_775' title='bbox 1752 5995 1889 6051; x_wconf 79' lang='lat' dir='ltr'>loamll.</span> <span class='ocrx_word' id='word_1_776' title='bbox 1927 5989 2102 6049; x_wconf 46' lang='lat' dir='ltr'>“luania</span> <span class='ocrx_word' id='word_1_777' title='bbox 2135 5983 2219 6043; x_wconf 68' lang='lat' dir='ltr'>”lea</span> 
     </span>
    </p>
   </div>
   <div class='ocr_carea' id='block_1_3' title="bbox 618 6050 2218 6212">
    <p class='ocr_par' dir='ltr' id='par_1_3' title="bbox 618 6050 2218 6212">
     <span class='ocr_line' id='line_1_59' title="bbox 618 6050 2218 6124; baseline -0.002 -9"><span class='ocrx_word' id='word_1_778' title='bbox 618 6060 662 6116; x_wconf 79' lang='lat' dir='ltr'>ld.</span> <span class='ocrx_word' id='word_1_779' title='bbox 699 6062 878 6119; x_wconf 74' lang='lat' dir='ltr'>”Psatst</span> <span class='ocrx_word' id='word_1_780' title='bbox 923 6065 1069 6122; x_wconf 56' lang='grc' dir='ltr'>ΜΘΗ.</span> <span class='ocrx_word' id='word_1_781' title='bbox 1105 6067 1256 6124; x_wconf 69' lang='grc' dir='ltr'>”6ιιιι.1.</span> <span class='ocrx_word' id='word_1_782' title='bbox 1309 6068 1493 6124; x_wconf 59' lang='lat' dir='ltr'>&#39;&#39;Mntllnlb</span> <span class='ocrx_word' id='word_1_783' title='bbox 1541 6065 1721 6123; x_wconf 56' lang='lat' dir='ltr'>truentum.</span> <span class='ocrx_word' id='word_1_784' title='bbox 1769 6066 1922 6121; x_wconf 53' lang='lat' dir='ltr'>”lirani</span> <span class='ocrx_word' id='word_1_785' title='bbox 1973 6065 1996 6096; x_wconf 79' lang='lat'>&#39;¹</span> <span class='ocrx_word' id='word_1_786' title='bbox 2021 6061 2117 6117; x_wconf 79' lang='lat' dir='ltr'>blaub.</span> <span class='ocrx_word' id='word_1_787' title='bbox 2139 6057 2171 6114; x_wconf 70' lang='lat'>21</span> <span class='ocrx_word' id='word_1_788' title='bbox 2201 6050 2218 6085; x_wconf 73' lang='lat'>⁰</span> 
     </span>
     <span class='ocr_line' id='line_1_60' title="bbox 618 6129 1565 6212; baseline 0.005 -27"><span class='ocrx_word' id='word_1_789' title='bbox 618 6129 761 6187; x_wconf 73' lang='lat' dir='ltr'>danaes.</span> <span class='ocrx_word' id='word_1_790' title='bbox 800 6133 973 6193; x_wconf 77' lang='lat' dir='ltr'>&#39;‘llCor.l.</span> <span class='ocrx_word' id='word_1_791' title='bbox 1023 6134 1142 6194; x_wconf 80' lang='lat' dir='ltr'>”luam</span> <span class='ocrx_word' id='word_1_792' title='bbox 1166 6139 1211 6194; x_wconf 69' lang='lat' dir='ltr'>ab.</span> <span class='ocrx_word' id='word_1_793' title='bbox 1251 6137 1565 6212; x_wconf 79' lang='lat' dir='ltr'>⁸⁹D.Greg.lrunr.55.</span> 
     </span>
    </p>
   </div>
   <div class='ocr_carea' id='block_1_4' title="bbox 0 0 2573 7059">
    <p class='ocr_par' dir='ltr' id='par_1_4' title="bbox 0 0 2573 7059">
     <span class='ocr_line' id='line_1_61' title="bbox 0 0 2573 7059; baseline 0 0"><span class='ocrx_word' id='word_1_794' title='bbox 0 0 2573 7059; x_wconf 95' lang='lat' dir='ltr'> </span> 
     </span>
    </p>
   </div>
  </div>
 </body>
</html>
