<?xml version="1.0" encoding="UTF-8"?>
<!DOCTYPE html PUBLIC "-//W3C//DTD XHTML 1.0 Transitional//EN"
    "http://www.w3.org/TR/xhtml1/DTD/xhtml1-transitional.dtd">
<html xmlns="http://www.w3.org/1999/xhtml" xml:lang="en" lang="en">
 <head>
  <title>
</title>
<meta http-equiv="Content-Type" content="text/html;charset=utf-8" />
  <meta name='ocr-system' content='tesseract 3.04.00' />
  <meta name='ocr-capabilities' content='ocr_page ocr_carea ocr_par ocr_line ocrx_word'/>
</head>
<body>
  <div class='ocr_page' id='page_1' title='image "./mitralesivedeof00petrgoog_0411.png"; bbox 0 0 5125 7059; ppageno 0'>
   <div class='ocr_carea' id='block_1_1' title="bbox 351 741 1975 810">
    <p class='ocr_par' dir='ltr' id='par_1_1' title="bbox 351 741 1975 810">
     <span class='ocr_line' id='line_1_1' title="bbox 351 741 1975 810; baseline -0.005 -4"><span class='ocrx_word' id='word_1_1' title='bbox 351 751 408 810; x_wconf 72' lang='lat'>789</span> <span class='ocrx_word' id='word_1_2' title='bbox 866 748 1078 808; x_wconf 78' lang='lat' dir='ltr'>TRACThTUS</span> <span class='ocrx_word' id='word_1_3' title='bbox 1097 741 1284 806; x_wconf 74' lang='lat' dir='ltr'>ADVERSUS</span> <span class='ocrx_word' id='word_1_4' title='bbox 1300 747 1460 807; x_wconf 70' lang='lat' dir='ltr'>rhomen.</span> <span class='ocrx_word' id='word_1_5' title='bbox 1922 741 1975 799; x_wconf 72' lang='lat' dir='ltr'>teo</span> 
     </span>
    </p>
   </div>
   <div class='ocr_carea' id='block_1_2' title="bbox 349 861 1982 6262">
    <p class='ocr_par' dir='ltr' id='par_1_2' title="bbox 349 861 1982 6262">
     <span class='ocr_line' id='line_1_2' title="bbox 351 861 1977 936; baseline -0.006 -13"><span class='ocrx_word' id='word_1_6' title='bbox 351 870 464 923; x_wconf 89' lang='lat' dir='ltr'>natione</span> <span class='ocrx_word' id='word_1_7' title='bbox 478 867 571 927; x_wconf 79' lang='lat' dir='ltr'>lutura</span> <span class='ocrx_word' id='word_1_8' title='bbox 589 866 734 923; x_wconf 83' lang='lat' dir='ltr'>adiudam</span> <span class='ocrx_word' id='word_1_9' title='bbox 756 867 889 922; x_wconf 88' lang='lat' dir='ltr'>translata</span> <span class='ocrx_word' id='word_1_10' title='bbox 913 867 981 932; x_wconf 89' lang='lat' dir='ltr'>loit;</span> <span class='ocrx_word' id='word_1_11' title='bbox 999 866 1140 936; x_wconf 83' lang='lat' dir='ltr'>inquibus</span> <span class='ocrx_word' id='word_1_12' title='bbox 1154 876 1177 931; x_wconf 78' lang='grc' dir='ltr'><strong>Α</strong></span> <span class='ocrx_word' id='word_1_13' title='bbox 1191 867 1343 930; x_wconf 85' lang='lat' dir='ltr'>assumitis,</span> <span class='ocrx_word' id='word_1_14' title='bbox 1353 866 1594 921; x_wconf 82' lang='lat' dir='ltr'>comminationem</span> <span class='ocrx_word' id='word_1_15' title='bbox 1605 861 1713 918; x_wconf 88' lang='lat' dir='ltr'>Domini</span> <span class='ocrx_word' id='word_1_16' title='bbox 1724 875 1831 932; x_wconf 80' lang='lat' dir='ltr'>prenarn</span> <span class='ocrx_word' id='word_1_17' title='bbox 1843 874 1904 917; x_wconf 88' lang='lat' dir='ltr'>esse</span> <span class='ocrx_word' id='word_1_18' title='bbox 1913 875 1977 930; x_wconf 88' lang='lat' dir='ltr'>pec·</span> 
     </span>
     <span class='ocr_line' id='line_1_3' title="bbox 349 950 1976 1031; baseline -0.007 -15"><span class='ocrx_word' id='word_1_19' title='bbox 349 961 479 1016; x_wconf 85' lang='lat' dir='ltr'>urrruibus</span> <span class='ocrx_word' id='word_1_20' title='bbox 505 960 700 1024; x_wconf 86' lang='lat' dir='ltr'>comprobatur</span> <span class='ocrx_word' id='word_1_21' title='bbox 715 960 800 1031; x_wconf 81' lang='lat' dir='ltr'><strong>priori</strong></span> <span class='ocrx_word' id='word_1_22' title='bbox 827 960 927 1031; x_wconf 91' lang='lat' dir='ltr'>populo</span> <span class='ocrx_word' id='word_1_23' title='bbox 945 973 1137 1015; x_wconf 84' lang='lat' dir='ltr'>successurum</span> <span class='ocrx_word' id='word_1_24' title='bbox 1190 964 1487 1017; x_wconf 82' lang='lat' dir='ltr'>catorarnncstrorum,</span> <span class='ocrx_word' id='word_1_25' title='bbox 1498 968 1576 1009; x_wconf 89' lang='lat' dir='ltr'>suam</span> <span class='ocrx_word' id='word_1_26' title='bbox 1587 954 1663 1024; x_wconf 90' lang='lat' dir='ltr'>pouit</span> <span class='ocrx_word' id='word_1_27' title='bbox 1676 951 1852 1014; x_wconf 75' lang='lat' dir='ltr'>sententiam,</span> <span class='ocrx_word' id='word_1_28' title='bbox 1863 950 1976 1008; x_wconf 85' lang='lat' dir='ltr'>dicens:</span> 
     </span>
     <span class='ocr_line' id='line_1_4' title="bbox 350 1041 1975 1123; baseline -0.006 -17"><span class='ocrx_word' id='word_1_29' title='bbox 350 1054 409 1107; x_wconf 83' lang='lat' dir='ltr'>iore</span> <span class='ocrx_word' id='word_1_30' title='bbox 424 1051 554 1123; x_wconf 86' lang='lat' dir='ltr'>populum</span> <span class='ocrx_word' id='word_1_31' title='bbox 567 1051 718 1106; x_wconf 88' lang='lat' dir='ltr'>meliorem.</span> <span class='ocrx_word' id='word_1_32' title='bbox 732 1049 880 1120; x_wconf 80' lang='lat' dir='ltr'>Sequitur:</span> <span class='ocrx_word' id='word_1_33' title='bbox 1190 1047 1253 1103; x_wconf 88' lang='lat' dir='ltr'>Non</span> <span class='ocrx_word' id='word_1_34' title='bbox 1263 1048 1397 1102; x_wconf 75' lang='lat' dir='ltr'>dimittam</span> <span class='ocrx_word' id='word_1_35' title='bbox 1408 1057 1517 1117; x_wconf 83' lang='lat' dir='ltr'>peecata</span> <span class='ocrx_word' id='word_1_36' title='bbox 1527 1055 1627 1107; x_wconf 74' lang='lat' dir='ltr'>vestrm·</span> <span class='ocrx_word' id='word_1_37' title='bbox 1640 1057 1809 1114; x_wconf 77' lang='lat' dir='ltr'>causamque</span> <span class='ocrx_word' id='word_1_38' title='bbox 1819 1041 1975 1113; x_wconf 73' lang='lat' dir='ltr'>subjungit:</span> 
     </span>
     <span class='ocr_line' id='line_1_5' title="bbox 385 1134 1978 1213; baseline -0.006 -15"><span class='ocrx_word' id='word_1_39' title='bbox 385 1143 431 1198; x_wconf 83' lang='grc'>56.</span> <span class='ocrx_word' id='word_1_40' title='bbox 447 1141 628 1213; x_wconf 75' lang='lat' dir='ltr'>Cupiennius</span> <span class='ocrx_word' id='word_1_41' title='bbox 642 1158 818 1213; x_wconf 65' lang='lat' dir='ltr'>possessorem</span> <span class='ocrx_word' id='word_1_42' title='bbox 830 1150 955 1206; x_wconf 70' lang='lat' dir='ltr'>suasmet</span> <span class='ocrx_word' id='word_1_43' title='bbox 969 1142 1061 1194; x_wconf 85' lang='lat' dir='ltr'>asinus</span> <span class='ocrx_word' id='word_1_44' title='bbox 1073 1155 1138 1207; x_wconf 81' lang='lat' dir='ltr'>pra·</span> <span class='ocrx_word' id='word_1_45' title='bbox 1190 1139 1288 1194; x_wconf 75' lang='lat' dir='ltr'>Manius</span> <span class='ocrx_word' id='word_1_46' title='bbox 1308 1144 1377 1194; x_wconf 88' lang='lat' dir='ltr'>enim</span> <span class='ocrx_word' id='word_1_47' title='bbox 1397 1151 1488 1195; x_wconf 81' lang='lat' dir='ltr'>nestra</span> <span class='ocrx_word' id='word_1_48' title='bbox 1507 1140 1634 1208; x_wconf 81' lang='lat' dir='ltr'>sanrpuine</span> <span class='ocrx_word' id='word_1_49' title='bbox 1653 1138 1737 1207; x_wconf 80' lang='lat' dir='ltr'>plenta</span> <span class='ocrx_word' id='word_1_50' title='bbox 1757 1145 1829 1200; x_wconf 80' lang='lat' dir='ltr'>sunit,</span> <span class='ocrx_word' id='word_1_51' title='bbox 1849 1151 1915 1205; x_wconf 82' lang='lat' dir='ltr'>quo,</span> <span class='ocrx_word' id='word_1_52' title='bbox 1934 1134 1978 1190; x_wconf 84' lang='lat' dir='ltr'>vel</span> 
     </span>
     <span class='ocr_line' id='line_1_6' title="bbox 349 1225 1978 1304; baseline -0.006 -16"><span class='ocrx_word' id='word_1_53' title='bbox 349 1252 409 1304; x_wconf 71' lang='lat' dir='ltr'>sepe</span> <span class='ocrx_word' id='word_1_54' title='bbox 424 1236 524 1290; x_wconf 90' lang='lat' dir='ltr'>domini</span> <span class='ocrx_word' id='word_1_55' title='bbox 537 1235 597 1297; x_wconf 73' lang='lat' dir='ltr'>sui:</span> <span class='ocrx_word' id='word_1_56' title='bbox 617 1232 704 1288; x_wconf 86' lang='lat' dir='ltr'>lsrael</span> <span class='ocrx_word' id='word_1_57' title='bbox 723 1242 811 1288; x_wconf 75' lang='lat' dir='ltr'>aretem</span> <span class='ocrx_word' id='word_1_58' title='bbox 827 1250 866 1287; x_wconf 86' lang='lat' dir='ltr'>ure</span> <span class='ocrx_word' id='word_1_59' title='bbox 880 1250 931 1286; x_wconf 89' lang='lat' dir='ltr'>non</span> <span class='ocrx_word' id='word_1_60' title='bbox 947 1233 1075 1302; x_wconf 72' lang='lat' dir='ltr'>conmorit,</span> <span class='ocrx_word' id='word_1_61' title='bbox 1091 1247 1138 1300; x_wconf 87' lang='lat' dir='ltr'>po·</span> <span class='ocrx_word' id='word_1_62' title='bbox 1189 1231 1268 1300; x_wconf 82' lang='lat' dir='ltr'>cnjus</span> <span class='ocrx_word' id='word_1_63' title='bbox 1284 1233 1437 1302; x_wconf 79' lang='lat' dir='ltr'>sanguinei</span> <span class='ocrx_word' id='word_1_64' title='bbox 1456 1229 1514 1285; x_wconf 86' lang='lat' dir='ltr'>Non</span> <span class='ocrx_word' id='word_1_65' title='bbox 1536 1231 1624 1293; x_wconf 89' lang='lat' dir='ltr'>bovis,</span> <span class='ocrx_word' id='word_1_66' title='bbox 1642 1244 1695 1283; x_wconf 92' lang='lat' dir='ltr'>non</span> <span class='ocrx_word' id='word_1_67' title='bbox 1712 1229 1816 1292; x_wconf 90' lang='lat' dir='ltr'>arietis,</span> <span class='ocrx_word' id='word_1_68' title='bbox 1834 1227 1875 1282; x_wconf 84' lang='lat' dir='ltr'>vel</span> <span class='ocrx_word' id='word_1_69' title='bbox 1890 1225 1978 1280; x_wconf 90' lang='lat' dir='ltr'>alicu·</span> 
     </span>
     <span class='ocr_line' id='line_1_7' title="bbox 349 1318 1978 1392; baseline -0.001 -18"><span class='ocrx_word' id='word_1_70' title='bbox 349 1323 428 1388; x_wconf 81' lang='lat' dir='ltr'>prclns</span> <span class='ocrx_word' id='word_1_71' title='bbox 440 1340 510 1378; x_wconf 87' lang='lat' dir='ltr'>mens</span> <span class='ocrx_word' id='word_1_72' title='bbox 523 1341 574 1377; x_wconf 89' lang='lat' dir='ltr'>non</span> <span class='ocrx_word' id='word_1_73' title='bbox 586 1321 715 1376; x_wconf 75' lang='lat' dir='ltr'>intellexit</span> <span class='ocrx_word' id='word_1_74' title='bbox 728 1321 796 1386; x_wconf 80' lang='lat' dir='ltr'>llsn.</span> <span class='ocrx_word' id='word_1_75' title='bbox 811 1322 840 1390; x_wconf 79' lang='lat' dir='ltr'>r).</span> <span class='ocrx_word' id='word_1_76' title='bbox 853 1322 979 1376; x_wconf 83' lang='lat' dir='ltr'>Ostendit</span> <span class='ocrx_word' id='word_1_77' title='bbox 992 1324 1019 1376; x_wconf 94' lang='lat' dir='ltr'>in</span> <span class='ocrx_word' id='word_1_78' title='bbox 1035 1336 1090 1392; x_wconf 78' lang='lat' dir='ltr'>prro</span> <span class='ocrx_word' id='word_1_79' title='bbox 1103 1321 1138 1375; x_wconf 89' lang='lat' dir='ltr'>sit</span> <span class='ocrx_word' id='word_1_80' title='bbox 1187 1322 1234 1392; x_wconf 87' lang='lat' dir='ltr'>jus</span> <span class='ocrx_word' id='word_1_81' title='bbox 1255 1322 1328 1377; x_wconf 94' lang='lat' dir='ltr'>bruti</span> <span class='ocrx_word' id='word_1_82' title='bbox 1359 1323 1504 1385; x_wconf 87' lang='lat' dir='ltr'>animalis,</span> <span class='ocrx_word' id='word_1_83' title='bbox 1529 1321 1576 1376; x_wconf 91' lang='lat' dir='ltr'>sed</span> <span class='ocrx_word' id='word_1_84' title='bbox 1602 1321 1731 1375; x_wconf 89' lang='lat' dir='ltr'>hominis.</span> <span class='ocrx_word' id='word_1_85' title='bbox 1755 1319 1873 1390; x_wconf 79' lang='lat' dir='ltr'>Sanguis</span> <span class='ocrx_word' id='word_1_86' title='bbox 1895 1318 1978 1373; x_wconf 83' lang='lat' dir='ltr'>utrius</span> 
     </span>
     <span class='ocr_line' id='line_1_8' title="bbox 349 1410 1976 1484; baseline -0.003 -16"><span class='ocrx_word' id='word_1_87' title='bbox 349 1424 523 1484; x_wconf 88' lang='lat' dir='ltr'>contemptus</span> <span class='ocrx_word' id='word_1_88' title='bbox 538 1416 572 1469; x_wconf 88' lang='lat' dir='ltr'>ab</span> <span class='ocrx_word' id='word_1_89' title='bbox 587 1416 638 1478; x_wconf 87' lang='lat' dir='ltr'>eis,</span> <span class='ocrx_word' id='word_1_90' title='bbox 650 1414 676 1467; x_wconf 90' lang='lat' dir='ltr'>in</span> <span class='ocrx_word' id='word_1_91' title='bbox 695 1414 745 1466; x_wconf 84' lang='lat' dir='ltr'>hoc</span> <span class='ocrx_word' id='word_1_92' title='bbox 759 1412 884 1467; x_wconf 88' lang='lat' dir='ltr'>ridelicct</span> <span class='ocrx_word' id='word_1_93' title='bbox 900 1413 1069 1482; x_wconf 84' lang='lat' dir='ltr'>rpmdbrutis</span> <span class='ocrx_word' id='word_1_94' title='bbox 1079 1412 1138 1466; x_wconf 90' lang='lat' dir='ltr'>ani·</span> <span class='ocrx_word' id='word_1_95' title='bbox 1189 1413 1310 1469; x_wconf 82' lang='lat' dir='ltr'>hormuis</span> <span class='ocrx_word' id='word_1_96' title='bbox 1326 1415 1394 1482; x_wconf 86' lang='lat' dir='ltr'>justi</span> <span class='ocrx_word' id='word_1_97' title='bbox 1412 1428 1493 1483; x_wconf 79' lang='lat' dir='ltr'>quem</span> <span class='ocrx_word' id='word_1_98' title='bbox 1507 1411 1654 1475; x_wconf 76' lang='lat' dir='ltr'>effudistis,</span> <span class='ocrx_word' id='word_1_99' title='bbox 1671 1427 1769 1466; x_wconf 89' lang='lat' dir='ltr'>uranus</span> <span class='ocrx_word' id='word_1_100' title='bbox 1785 1420 1892 1465; x_wconf 85' lang='lat' dir='ltr'>vestras</span> <span class='ocrx_word' id='word_1_101' title='bbox 1907 1410 1976 1464; x_wconf 83' lang='lat' dir='ltr'>inle-</span> 
     </span>
     <span class='ocr_line' id='line_1_9' title="bbox 349 1500 1977 1575; baseline -0.002 -16"><span class='ocrx_word' id='word_1_102' title='bbox 349 1506 469 1560; x_wconf 88' lang='lat' dir='ltr'>malibus</span> <span class='ocrx_word' id='word_1_103' title='bbox 483 1505 697 1575; x_wconf 67' lang='lat' dir='ltr'>sucrescentibus</span> <span class='ocrx_word' id='word_1_104' title='bbox 709 1502 852 1557; x_wconf 76' lang='lat' dir='ltr'>herminum</span> <span class='ocrx_word' id='word_1_105' title='bbox 864 1511 891 1557; x_wconf 91' lang='lat' dir='ltr'>et</span> <span class='ocrx_word' id='word_1_106' title='bbox 905 1503 1072 1565; x_wconf 84' lang='lat' dir='ltr'>Creatorem,</span> <span class='ocrx_word' id='word_1_107' title='bbox 1090 1517 1139 1571; x_wconf 90' lang='lat' dir='ltr'>po·</span> <span class='ocrx_word' id='word_1_108' title='bbox 1189 1507 1243 1570; x_wconf 85' lang='lat' dir='ltr'>cit;</span> <span class='ocrx_word' id='word_1_109' title='bbox 1262 1513 1289 1560; x_wconf 93' lang='lat' dir='ltr'>ct</span> <span class='ocrx_word' id='word_1_110' title='bbox 1304 1507 1340 1560; x_wconf 95' lang='lat' dir='ltr'>ob</span> <span class='ocrx_word' id='word_1_111' title='bbox 1355 1506 1439 1575; x_wconf 84' lang='lat' dir='ltr'>lrrrjas</span> <span class='ocrx_word' id='word_1_112' title='bbox 1454 1505 1563 1574; x_wconf 89' lang='lat' dir='ltr'>eulpam</span> <span class='ocrx_word' id='word_1_113' title='bbox 1578 1503 1718 1559; x_wconf 89' lang='lat' dir='ltr'>commissi</span> <span class='ocrx_word' id='word_1_114' title='bbox 1735 1500 1866 1556; x_wconf 79' lang='lat' dir='ltr'>facinoris</span> <span class='ocrx_word' id='word_1_115' title='bbox 1882 1515 1977 1558; x_wconf 84' lang='lat' dir='ltr'>manus</span> 
     </span>
     <span class='ocr_line' id='line_1_10' title="bbox 349 1593 1977 1668; baseline -0.001 -19"><span class='ocrx_word' id='word_1_116' title='bbox 349 1598 432 1668; x_wconf 80' lang='lat' dir='ltr'>purius</span> <span class='ocrx_word' id='word_1_117' title='bbox 446 1604 538 1653; x_wconf 84' lang='lat' dir='ltr'>autem</span> <span class='ocrx_word' id='word_1_118' title='bbox 552 1596 709 1652; x_wconf 74' lang='lat' dir='ltr'>iudaeorum</span> <span class='ocrx_word' id='word_1_119' title='bbox 725 1613 777 1650; x_wconf 92' lang='lat' dir='ltr'>nou</span> <span class='ocrx_word' id='word_1_120' title='bbox 793 1597 949 1665; x_wconf 76' lang='lat' dir='ltr'>cogitauerit</span> <span class='ocrx_word' id='word_1_121' title='bbox 964 1610 1037 1656; x_wconf 90' lang='lat' dir='ltr'>curu,</span> <span class='ocrx_word' id='word_1_122' title='bbox 1050 1611 1138 1662; x_wconf 82' lang='lat' dir='ltr'>neque</span> <span class='ocrx_word' id='word_1_123' title='bbox 1189 1609 1279 1653; x_wconf 81' lang='lat' dir='ltr'>cesum</span> <span class='ocrx_word' id='word_1_124' title='bbox 1294 1600 1421 1667; x_wconf 77' lang='lat' dir='ltr'>sarrpnine</span> <span class='ocrx_word' id='word_1_125' title='bbox 1435 1599 1517 1666; x_wconf 79' lang='lat' dir='ltr'>pieria</span> <span class='ocrx_word' id='word_1_126' title='bbox 1529 1605 1601 1652; x_wconf 84' lang='lat' dir='ltr'>snrrt.</span> <span class='ocrx_word' id='word_1_127' title='bbox 1616 1594 1692 1660; x_wconf 83' lang='lat' dir='ltr'>erod</span> <span class='ocrx_word' id='word_1_128' title='bbox 1708 1605 1798 1649; x_wconf 84' lang='lat' dir='ltr'>autern</span> <span class='ocrx_word' id='word_1_129' title='bbox 1813 1593 1866 1648; x_wconf 89' lang='lat' dir='ltr'>hoc</span> <span class='ocrx_word' id='word_1_130' title='bbox 1880 1607 1977 1664; x_wconf 86' lang='lat' dir='ltr'>pecca·</span> 
     </span>
     <span class='ocr_line' id='line_1_11' title="bbox 350 1683 1977 1756; baseline -0.004 -10"><span class='ocrx_word' id='word_1_131' title='bbox 350 1691 525 1747; x_wconf 73' lang='lat' dir='ltr'>intellexerit.</span> <span class='ocrx_word' id='word_1_132' title='bbox 542 1690 619 1756; x_wconf 83' lang='lat' dir='ltr'>Quod</span> <span class='ocrx_word' id='word_1_133' title='bbox 637 1692 716 1746; x_wconf 53' lang='lat' dir='ltr'>avelim</span> <span class='ocrx_word' id='word_1_134' title='bbox 744 1689 862 1744; x_wconf 85' lang='lat' dir='ltr'>rrtdicat</span> <span class='ocrx_word' id='word_1_135' title='bbox 885 1687 1086 1753; x_wconf 76' lang='lat' dir='ltr'>mihiludaus,</span> <span class='ocrx_word' id='word_1_136' title='bbox 1114 1689 1137 1743; x_wconf 92' lang='lat' dir='ltr'>si</span> <span class='ocrx_word' id='word_1_137' title='bbox 1188 1699 1245 1745; x_wconf 86' lang='lat' dir='ltr'>tura</span> <span class='ocrx_word' id='word_1_138' title='bbox 1263 1689 1442 1744; x_wconf 75' lang='lat' dir='ltr'>homicidium</span> <span class='ocrx_word' id='word_1_139' title='bbox 1460 1690 1507 1751; x_wconf 89' lang='lat' dir='ltr'>sit,</span> <span class='ocrx_word' id='word_1_140' title='bbox 1527 1698 1557 1742; x_wconf 93' lang='lat' dir='ltr'>ut</span> <span class='ocrx_word' id='word_1_141' title='bbox 1574 1687 1702 1756; x_wconf 89' lang='lat' dir='ltr'>superius</span> <span class='ocrx_word' id='word_1_142' title='bbox 1720 1685 1825 1740; x_wconf 88' lang='lat' dir='ltr'>dictum</span> <span class='ocrx_word' id='word_1_143' title='bbox 1845 1691 1898 1747; x_wconf 86' lang='lat' dir='ltr'>est,</span> <span class='ocrx_word' id='word_1_144' title='bbox 1918 1683 1977 1753; x_wconf 84' lang='lat' dir='ltr'>ipse</span> 
     </span>
     <span class='ocr_line' id='line_1_12' title="bbox 350 1774 1977 1855; baseline -0.012 -19"><span class='ocrx_word' id='word_1_145' title='bbox 350 1782 404 1837; x_wconf 93' lang='lat' dir='ltr'>boc</span> <span class='ocrx_word' id='word_1_146' title='bbox 415 1781 449 1836; x_wconf 88' lang='lat' dir='ltr'>de</span> <span class='ocrx_word' id='word_1_147' title='bbox 461 1780 541 1835; x_wconf 88' lang='lat' dir='ltr'>Patre</span> <span class='ocrx_word' id='word_1_148' title='bbox 551 1788 580 1835; x_wconf 91' lang='lat' dir='ltr'>ct</span> <span class='ocrx_word' id='word_1_149' title='bbox 594 1795 647 1835; x_wconf 82' lang='lat' dir='ltr'>urm</span> <span class='ocrx_word' id='word_1_150' title='bbox 661 1781 695 1834; x_wconf 89' lang='lat' dir='ltr'>dc</span> <span class='ocrx_word' id='word_1_151' title='bbox 705 1778 773 1833; x_wconf 86' lang='lat' dir='ltr'>Filio</span> <span class='ocrx_word' id='word_1_152' title='bbox 787 1779 851 1833; x_wconf 83' lang='lat' dir='ltr'>velit</span> <span class='ocrx_word' id='word_1_153' title='bbox 866 1779 991 1848; x_wconf 73' lang='lat' dir='ltr'>intelligi,</span> <span class='ocrx_word' id='word_1_154' title='bbox 1003 1777 1138 1848; x_wconf 82' lang='lat' dir='ltr'>quomodo</span> <span class='ocrx_word' id='word_1_155' title='bbox 1188 1784 1320 1855; x_wconf 57' lang='lat' dir='ltr'>prophecie</span> <span class='ocrx_word' id='word_1_156' title='bbox 1335 1790 1451 1838; x_wconf 64' lang='lat' dir='ltr'>restanus</span> <span class='ocrx_word' id='word_1_157' title='bbox 1470 1781 1584 1851; x_wconf 72' lang='lat' dir='ltr'>loquens</span> <span class='ocrx_word' id='word_1_158' title='bbox 1599 1779 1632 1834; x_wconf 59' lang='lat'>(13</span> <span class='ocrx_word' id='word_1_159' title='bbox 1647 1779 1757 1832; x_wconf 66' lang='lat' dir='ltr'>civicam,</span> <span class='ocrx_word' id='word_1_160' title='bbox 1774 1794 1781 1832; x_wconf 90' lang='lat'>:</span> <span class='ocrx_word' id='word_1_161' title='bbox 1797 1774 1912 1830; x_wconf 56' lang='lat' dir='ltr'>,ipsium</span> <span class='ocrx_word' id='word_1_162' title='bbox 1928 1776 1977 1829; x_wconf 69' lang='lat' dir='ltr'>pa.</span> 
     </span>
     <span class='ocr_line' id='line_1_13' title="bbox 350 1866 1977 1942; baseline -0.005 -14"><span class='ocrx_word' id='word_1_163' title='bbox 350 1873 434 1930; x_wconf 86' lang='lat' dir='ltr'>lsrael</span> <span class='ocrx_word' id='word_1_164' title='bbox 447 1873 590 1928; x_wconf 86' lang='lat' dir='ltr'>Dorrriuum</span> <span class='ocrx_word' id='word_1_165' title='bbox 604 1873 834 1942; x_wconf 78' lang='lat' dir='ltr'>noncognorerit,</span> <span class='ocrx_word' id='word_1_166' title='bbox 846 1887 926 1940; x_wconf 80' lang='lat' dir='ltr'>quem</span> <span class='ocrx_word' id='word_1_167' title='bbox 939 1871 996 1941; x_wconf 90' lang='lat' dir='ltr'>ipsc</span> <span class='ocrx_word' id='word_1_168' title='bbox 1008 1870 1137 1925; x_wconf 86' lang='lat' dir='ltr'>bonrinus</span> <span class='ocrx_word' id='word_1_169' title='bbox 1188 1874 1280 1929; x_wconf 86' lang='lat' dir='ltr'>bitauit</span> <span class='ocrx_word' id='word_1_170' title='bbox 1297 1875 1324 1928; x_wconf 93' lang='lat' dir='ltr'>in</span> <span class='ocrx_word' id='word_1_171' title='bbox 1343 1890 1385 1938; x_wconf 86' lang='lat' dir='ltr'>ea,</span> <span class='ocrx_word' id='word_1_172' title='bbox 1404 1890 1472 1927; x_wconf 79' lang='lat' dir='ltr'>unare</span> <span class='ocrx_word' id='word_1_173' title='bbox 1491 1884 1578 1927; x_wconf 80' lang='lat' dir='ltr'>cratem</span> <span class='ocrx_word' id='word_1_174' title='bbox 1595 1869 1744 1926; x_wconf 83' lang='lat' dir='ltr'>laonicida.</span> <span class='ocrx_word' id='word_1_175' title='bbox 1763 1866 1804 1922; x_wconf 88' lang='lat' dir='ltr'>Ob</span> <span class='ocrx_word' id='word_1_176' title='bbox 1824 1867 1977 1924; x_wconf 78' lang='lat' dir='ltr'>Salvatoris</span> 
     </span>
     <span class='ocr_line' id='line_1_14' title="bbox 349 1959 1976 2036; baseline -0.006 -14"><span class='ocrx_word' id='word_1_177' title='bbox 349 1966 446 2022; x_wconf 76' lang='lat' dir='ltr'>eduxit</span> <span class='ocrx_word' id='word_1_178' title='bbox 456 1966 489 2021; x_wconf 90' lang='lat' dir='ltr'>de</span> <span class='ocrx_word' id='word_1_179' title='bbox 503 1964 630 2035; x_wconf 74' lang='lat' dir='ltr'>AEgppto,</span> <span class='ocrx_word' id='word_1_180' title='bbox 646 1973 673 2018; x_wconf 92' lang='lat' dir='ltr'>et</span> <span class='ocrx_word' id='word_1_181' title='bbox 687 1979 735 2033; x_wconf 90' lang='lat' dir='ltr'>per</span> <span class='ocrx_word' id='word_1_182' title='bbox 749 1963 867 2017; x_wconf 89' lang='lat' dir='ltr'>medium</span> <span class='ocrx_word' id='word_1_183' title='bbox 880 1960 964 2014; x_wconf 81' lang='lat' dir='ltr'>Rubri</span> <span class='ocrx_word' id='word_1_184' title='bbox 981 1963 1065 2017; x_wconf 90' lang='lat' dir='ltr'>maris</span> <span class='ocrx_word' id='word_1_185' title='bbox 1084 1962 1139 2016; x_wconf 86' lang='lat' dir='ltr'>sic·</span> <span class='ocrx_word' id='word_1_186' title='bbox 1189 1966 1281 2035; x_wconf 82' lang='lat' dir='ltr'>itaque</span> <span class='ocrx_word' id='word_1_187' title='bbox 1297 1981 1402 2030; x_wconf 88' lang='lat' dir='ltr'>necem,</span> <span class='ocrx_word' id='word_1_188' title='bbox 1418 1966 1465 2036; x_wconf 85' lang='lat' dir='ltr'>qui</span> <span class='ocrx_word' id='word_1_189' title='bbox 1480 1966 1514 2019; x_wconf 89' lang='lat' dir='ltr'>ab</span> <span class='ocrx_word' id='word_1_190' title='bbox 1528 1965 1569 2019; x_wconf 86' lang='lat' dir='ltr'>cis</span> <span class='ocrx_word' id='word_1_191' title='bbox 1584 1964 1695 2018; x_wconf 89' lang='lat' dir='ltr'>occisus</span> <span class='ocrx_word' id='word_1_192' title='bbox 1709 1969 1762 2024; x_wconf 88' lang='lat' dir='ltr'>cst,</span> <span class='ocrx_word' id='word_1_193' title='bbox 1778 1967 1911 2014; x_wconf 84' lang='lat' dir='ltr'>vocamur</span> <span class='ocrx_word' id='word_1_194' title='bbox 1925 1959 1976 2013; x_wconf 84' lang='lat' dir='ltr'>uiri</span> 
     </span>
     <span class='ocr_line' id='line_1_15' title="bbox 349 2050 1979 2129; baseline -0.003 -17"><span class='ocrx_word' id='word_1_195' title='bbox 349 2074 384 2113; x_wconf 93' lang='lat' dir='ltr'>co</span> <span class='ocrx_word' id='word_1_196' title='bbox 396 2059 464 2128; x_wconf 90' lang='lat' dir='ltr'>pede</span> <span class='ocrx_word' id='word_1_197' title='bbox 475 2057 592 2113; x_wconf 89' lang='lat' dir='ltr'>transire</span> <span class='ocrx_word' id='word_1_198' title='bbox 604 2056 678 2116; x_wconf 87' lang='lat' dir='ltr'>lecit,</span> <span class='ocrx_word' id='word_1_199' title='bbox 688 2070 720 2110; x_wconf 91' lang='lat' dir='ltr'>ac</span> <span class='ocrx_word' id='word_1_200' title='bbox 735 2071 832 2109; x_wconf 72' lang='lat' dir='ltr'>urrann:</span> <span class='ocrx_word' id='word_1_201' title='bbox 850 2054 922 2123; x_wconf 79' lang='lat' dir='ltr'>parit</span> <span class='ocrx_word' id='word_1_202' title='bbox 938 2053 964 2108; x_wconf 84' lang='lat' dir='ltr'>itt</span> <span class='ocrx_word' id='word_1_203' title='bbox 975 2069 1076 2115; x_wconf 83' lang='grc'><strong>11111111,</strong></span> <span class='ocrx_word' id='word_1_204' title='bbox 1090 2053 1137 2108; x_wconf 75' lang='lat' dir='ltr'>sed</span> <span class='ocrx_word' id='word_1_205' title='bbox 1188 2059 1354 2129; x_wconf 75' lang='lat' dir='ltr'>sanguinum</span> <span class='ocrx_word' id='word_1_206' title='bbox 1367 2066 1393 2111; x_wconf 89' lang='lat' dir='ltr'>et</span> <span class='ocrx_word' id='word_1_207' title='bbox 1407 2057 1559 2111; x_wconf 83' lang='lat' dir='ltr'>homicidae.</span> <span class='ocrx_word' id='word_1_208' title='bbox 1573 2056 1604 2109; x_wconf 84' lang='lat' dir='ltr'>Et</span> <span class='ocrx_word' id='word_1_209' title='bbox 1618 2055 1743 2126; x_wconf 83' lang='lat' dir='ltr'>qrranrris</span> <span class='ocrx_word' id='word_1_210' title='bbox 1755 2053 1882 2123; x_wconf 89' lang='lat' dir='ltr'>superins</span> <span class='ocrx_word' id='word_1_211' title='bbox 1896 2050 1979 2107; x_wconf 82' lang='lat' dir='ltr'>dixis·</span> 
     </span>
     <span class='ocr_line' id='line_1_16' title="bbox 349 2144 1979 2217; baseline -0.005 -11"><span class='ocrx_word' id='word_1_212' title='bbox 349 2162 377 2206; x_wconf 87' lang='lat' dir='ltr'>ct</span> <span class='ocrx_word' id='word_1_213' title='bbox 400 2152 433 2206; x_wconf 90' lang='lat' dir='ltr'>ad</span> <span class='ocrx_word' id='word_1_214' title='bbox 451 2152 575 2204; x_wconf 90' lang='lat' dir='ltr'>nitinnnn</span> <span class='ocrx_word' id='word_1_215' title='bbox 598 2149 625 2203; x_wconf 89' lang='lat' dir='ltr'>in</span> <span class='ocrx_word' id='word_1_216' title='bbox 642 2159 740 2202; x_wconf 87' lang='lat' dir='ltr'>terram</span> <span class='ocrx_word' id='word_1_217' title='bbox 765 2147 985 2217; x_wconf 76' lang='lat' dir='ltr'>repromissionis</span> <span class='ocrx_word' id='word_1_218' title='bbox 1009 2146 1135 2201; x_wconf 81' lang='lat' dir='ltr'>induxit:</span> <span class='ocrx_word' id='word_1_219' title='bbox 1189 2159 1241 2213; x_wconf 88' lang='lat' dir='ltr'>set,</span> <span class='ocrx_word' id='word_1_220' title='bbox 1259 2168 1311 2205; x_wconf 89' lang='lat' dir='ltr'>non</span> <span class='ocrx_word' id='word_1_221' title='bbox 1326 2150 1461 2204; x_wconf 87' lang='lat' dir='ltr'>dimittant</span> <span class='ocrx_word' id='word_1_222' title='bbox 1477 2150 1548 2204; x_wconf 86' lang='lat' dir='ltr'>nobis</span> <span class='ocrx_word' id='word_1_223' title='bbox 1565 2158 1671 2217; x_wconf 77' lang='lat' dir='ltr'>peccatu</span> <span class='ocrx_word' id='word_1_224' title='bbox 1687 2159 1784 2208; x_wconf 85' lang='lat' dir='ltr'>nestra,</span> <span class='ocrx_word' id='word_1_225' title='bbox 1802 2144 1922 2201; x_wconf 87' lang='lat' dir='ltr'>ostendit</span> <span class='ocrx_word' id='word_1_226' title='bbox 1939 2152 1979 2199; x_wconf 86' lang='lat' dir='ltr'>ts-</span> 
     </span>
     <span class='ocr_line' id='line_1_17' title="bbox 349 2235 1978 2314; baseline -0.002 -17"><span class='ocrx_word' id='word_1_227' title='bbox 349 2244 424 2297; x_wconf 84' lang='lat' dir='ltr'>euod</span> <span class='ocrx_word' id='word_1_228' title='bbox 441 2257 505 2311; x_wconf 77' lang='lat' dir='ltr'>quaa</span> <span class='ocrx_word' id='word_1_229' title='bbox 525 2241 641 2311; x_wconf 86' lang='lat' dir='ltr'>probare</span> <span class='ocrx_word' id='word_1_230' title='bbox 656 2255 711 2294; x_wconf 93' lang='lat' dir='ltr'>non</span> <span class='ocrx_word' id='word_1_231' title='bbox 727 2245 816 2308; x_wconf 86' lang='lat' dir='ltr'>potest</span> <span class='ocrx_word' id='word_1_232' title='bbox 830 2238 883 2292; x_wconf 88' lang='lat' dir='ltr'>dici</span> <span class='ocrx_word' id='word_1_233' title='bbox 899 2238 933 2291; x_wconf 84' lang='lat' dir='ltr'>dc</span> <span class='ocrx_word' id='word_1_234' title='bbox 947 2237 1079 2298; x_wconf 70' lang='lat' dir='ltr'>bairaco</span> <span class='ocrx_word' id='word_1_235' title='bbox 1095 2236 1138 2290; x_wconf 76' lang='lat' dir='ltr'>l&#39;i-</span> <span class='ocrx_word' id='word_1_236' title='bbox 1153 2235 1175 2290; x_wconf 87' lang='lat' dir='ltr'>B</span> <span class='ocrx_word' id='word_1_237' title='bbox 1189 2259 1250 2298; x_wconf 74' lang='lat' dir='ltr'>men</span> <span class='ocrx_word' id='word_1_238' title='bbox 1277 2244 1347 2314; x_wconf 76' lang='lat' dir='ltr'>apud</span> <span class='ocrx_word' id='word_1_239' title='bbox 1370 2258 1433 2297; x_wconf 75' lang='lat' dir='ltr'>auin</span> <span class='ocrx_word' id='word_1_240' title='bbox 1458 2241 1563 2296; x_wconf 89' lang='lat' dir='ltr'>nullum</span> <span class='ocrx_word' id='word_1_241' title='bbox 1586 2241 1753 2310; x_wconf 88' lang='lat' dir='ltr'>impossibile</span> <span class='ocrx_word' id='word_1_242' title='bbox 1778 2254 1849 2302; x_wconf 89' lang='lat' dir='ltr'>esse,</span> <span class='ocrx_word' id='word_1_243' title='bbox 1872 2238 1895 2295; x_wconf 91' lang='lat' dir='ltr'>si</span> <span class='ocrx_word' id='word_1_244' title='bbox 1922 2252 1978 2292; x_wconf 86' lang='lat' dir='ltr'>utro</span> 
     </span>
     <span class='ocr_line' id='line_1_18' title="bbox 350 2325 1976 2402; baseline -0.004 -10"><span class='ocrx_word' id='word_1_245' title='bbox 350 2332 388 2386; x_wconf 74' lang='lat'>¹2⁰</span> <span class='ocrx_word' id='word_1_246' title='bbox 400 2331 522 2386; x_wconf 71' lang='lat' dir='ltr'>confiteri</span> <span class='ocrx_word' id='word_1_247' title='bbox 535 2338 657 2400; x_wconf 71' lang='lat' dir='ltr'>cosselttr.</span> <span class='ocrx_word' id='word_1_248' title='bbox 668 2328 739 2398; x_wconf 76' lang='grc'><strong>1111011</strong></span> <span class='ocrx_word' id='word_1_249' title='bbox 754 2329 811 2396; x_wconf 66' lang='grc'><strong>111111</strong></span> <span class='ocrx_word' id='word_1_250' title='bbox 820 2342 873 2380; x_wconf 87' lang='grc'><strong>111111</strong></span> <span class='ocrx_word' id='word_1_251' title='bbox 886 2327 921 2380; x_wconf 74' lang='grc'>511</span> <span class='ocrx_word' id='word_1_252' title='bbox 937 2325 1045 2394; x_wconf 73' lang='lat' dir='ltr'>aguntus</span> <span class='ocrx_word' id='word_1_253' title='bbox 1054 2326 1137 2382; x_wconf 82' lang='lat' dir='ltr'>abeis</span> <span class='ocrx_word' id='word_1_254' title='bbox 1188 2345 1293 2392; x_wconf 89' lang='lat' dir='ltr'>tanturn</span> <span class='ocrx_word' id='word_1_255' title='bbox 1306 2335 1437 2395; x_wconf 89' lang='lat' dir='ltr'>remedio,</span> <span class='ocrx_word' id='word_1_256' title='bbox 1449 2334 1502 2387; x_wconf 93' lang='lat' dir='ltr'>hoc</span> <span class='ocrx_word' id='word_1_257' title='bbox 1513 2341 1555 2387; x_wconf 89' lang='lat' dir='ltr'>est</span> <span class='ocrx_word' id='word_1_258' title='bbox 1568 2333 1694 2402; x_wconf 77' lang='lat' dir='ltr'>baptismi</span> <span class='ocrx_word' id='word_1_259' title='bbox 1710 2332 1821 2386; x_wconf 86' lang='lat' dir='ltr'>lavacro</span> <span class='ocrx_word' id='word_1_260' title='bbox 1834 2329 1976 2394; x_wconf 82' lang='lat' dir='ltr'>salutaris,</span> 
     </span>
     <span class='ocr_line' id='line_1_19' title="bbox 350 2417 1718 2494; baseline -0.008 -14"><span class='ocrx_word' id='word_1_261' title='bbox 350 2439 440 2494; x_wconf 68' lang='lat' dir='ltr'>uacuae</span> <span class='ocrx_word' id='word_1_262' title='bbox 458 2423 622 2484; x_wconf 89' lang='lat' dir='ltr'>intellectus,</span> <span class='ocrx_word' id='word_1_263' title='bbox 637 2422 670 2476; x_wconf 91' lang='lat' dir='ltr'>dc</span> <span class='ocrx_word' id='word_1_264' title='bbox 684 2429 771 2474; x_wconf 89' lang='lat' dir='ltr'>rnatrc</span> <span class='ocrx_word' id='word_1_265' title='bbox 784 2417 894 2489; x_wconf 76' lang='lat' dir='ltr'>i&#39;irgirm</span> <span class='ocrx_word' id='word_1_266' title='bbox 907 2426 998 2479; x_wconf 90' lang='lat' dir='ltr'>natus,</span> <span class='ocrx_word' id='word_1_267' title='bbox 1016 2426 1043 2472; x_wconf 90' lang='lat' dir='ltr'>ct</span> <span class='ocrx_word' id='word_1_268' title='bbox 1058 2417 1138 2471; x_wconf 74' lang='lat' dir='ltr'>rec-li·</span> <span class='ocrx_word' id='word_1_269' title='bbox 1189 2426 1289 2483; x_wconf 52' lang='lat' dir='ltr'>sapi-asi</span> <span class='ocrx_word' id='word_1_270' title='bbox 1303 2425 1450 2481; x_wconf 62' lang='lat' dir='ltr'>voluerim,</span> <span class='ocrx_word' id='word_1_271' title='bbox 1465 2423 1542 2479; x_wconf 74' lang='lat' dir='ltr'>Unde</span> <span class='ocrx_word' id='word_1_272' title='bbox 1557 2422 1694 2479; x_wconf 66' lang='lat' dir='ltr'>subinfert</span> <span class='ocrx_word' id='word_1_273' title='bbox 1711 2442 1718 2477; x_wconf 89' lang='lat'>:</span> 
     </span>
     <span class='ocr_line' id='line_1_20' title="bbox 351 2513 1935 2590; baseline -0.001 -20"><span class='ocrx_word' id='word_1_274' title='bbox 351 2525 435 2571; x_wconf 90' lang='lat' dir='ltr'>nutus</span> <span class='ocrx_word' id='word_1_275' title='bbox 446 2518 473 2571; x_wconf 92' lang='lat' dir='ltr'>in</span> <span class='ocrx_word' id='word_1_276' title='bbox 489 2518 631 2587; x_wconf 84' lang='lat' dir='ltr'>praesepio,</span> <span class='ocrx_word' id='word_1_277' title='bbox 646 2518 692 2573; x_wconf 91' lang='lat' dir='ltr'>ubi</span> <span class='ocrx_word' id='word_1_278' title='bbox 706 2534 768 2573; x_wconf 90' lang='lat' dir='ltr'>eum</span> <span class='ocrx_word' id='word_1_279' title='bbox 785 2528 909 2590; x_wconf 88' lang='lat' dir='ltr'>pastores</span> <span class='ocrx_word' id='word_1_280' title='bbox 923 2533 1050 2588; x_wconf 90' lang='lat' dir='ltr'>pecorum</span> <span class='ocrx_word' id='word_1_281' title='bbox 1062 2516 1139 2572; x_wconf 84' lang='lat' dir='ltr'>ride·</span> <span class='ocrx_word' id='word_1_282' title='bbox 1230 2517 1386 2572; x_wconf 77' lang='lat' dir='ltr'>iudeorum</span> <span class='ocrx_word' id='word_1_283' title='bbox 1401 2526 1507 2585; x_wconf 82' lang='lat' dir='ltr'>peccata</span> <span class='ocrx_word' id='word_1_284' title='bbox 1523 2531 1591 2586; x_wconf 82' lang='lat' dir='ltr'>aquo</span> <span class='ocrx_word' id='word_1_285' title='bbox 1609 2513 1776 2583; x_wconf 79' lang='lat' dir='ltr'>baptismatis</span> <span class='ocrx_word' id='word_1_286' title='bbox 1792 2514 1935 2569; x_wconf 85' lang='lat' dir='ltr'>abluenda.</span> 
     </span>
     <span class='ocr_line' id='line_1_21' title="bbox 351 2607 1966 2681; baseline -0.001 -20"><span class='ocrx_word' id='word_1_287' title='bbox 351 2617 419 2662; x_wconf 90' lang='lat' dir='ltr'>runt</span> <span class='ocrx_word' id='word_1_288' title='bbox 443 2618 470 2664; x_wconf 93' lang='lat' dir='ltr'>et</span> <span class='ocrx_word' id='word_1_289' title='bbox 494 2610 696 2675; x_wconf 81' lang='lat' dir='ltr'>intellexeruut,</span> <span class='ocrx_word' id='word_1_290' title='bbox 714 2625 747 2666; x_wconf 89' lang='lat' dir='ltr'>ac</span> <span class='ocrx_word' id='word_1_291' title='bbox 770 2611 843 2666; x_wconf 89' lang='lat' dir='ltr'>sicut</span> <span class='ocrx_word' id='word_1_292' title='bbox 867 2609 949 2665; x_wconf 77' lang='lat' dir='ltr'>licum</span> <span class='ocrx_word' id='word_1_293' title='bbox 966 2611 1137 2681; x_wconf 74' lang='lat' dir='ltr'>glorificare·</span> <span class='ocrx_word' id='word_1_294' title='bbox 1224 2609 1269 2665; x_wconf 82' lang='lat'>60.</span> <span class='ocrx_word' id='word_1_295' title='bbox 1290 2608 1439 2672; x_wconf 81' lang='lat' dir='ltr'>Lananrini,</span> <span class='ocrx_word' id='word_1_296' title='bbox 1454 2607 1546 2662; x_wconf 88' lang='lat' dir='ltr'>mnudi</span> <span class='ocrx_word' id='word_1_297' title='bbox 1561 2617 1653 2669; x_wconf 88' lang='lat' dir='ltr'>estote,</span> <span class='ocrx_word' id='word_1_298' title='bbox 1670 2608 1771 2675; x_wconf 73' lang='lat' dir='ltr'>artierte</span> <span class='ocrx_word' id='word_1_299' title='bbox 1790 2608 1890 2661; x_wconf 87' lang='lat' dir='ltr'>malum</span> <span class='ocrx_word' id='word_1_300' title='bbox 1907 2607 1966 2677; x_wconf 73' lang='lat' dir='ltr'>copi</span> 
     </span>
     <span class='ocr_line' id='line_1_22' title="bbox 351 2698 1978 2770; baseline -0.001 -16"><span class='ocrx_word' id='word_1_301' title='bbox 351 2708 427 2756; x_wconf 91' lang='lat' dir='ltr'>runt.</span> <span class='ocrx_word' id='word_1_302' title='bbox 1189 2703 1320 2757; x_wconf 89' lang='lat' dir='ltr'>tutionum</span> <span class='ocrx_word' id='word_1_303' title='bbox 1334 2711 1479 2757; x_wconf 85' lang='lat' dir='ltr'>nestrorum</span> <span class='ocrx_word' id='word_1_304' title='bbox 1495 2698 1527 2753; x_wconf 83' lang='lat' dir='ltr'>ab</span> <span class='ocrx_word' id='word_1_305' title='bbox 1544 2700 1627 2755; x_wconf 82' lang='lat' dir='ltr'>usulis</span> <span class='ocrx_word' id='word_1_306' title='bbox 1646 2700 1708 2753; x_wconf 76' lang='lat' dir='ltr'>arceis</span> <span class='ocrx_word' id='word_1_307' title='bbox 1731 2700 1830 2770; x_wconf 74' lang='lat' dir='ltr'>(ibid).</span> <span class='ocrx_word' id='word_1_308' title='bbox 1850 2698 1920 2766; x_wconf 82' lang='lat' dir='ltr'>Quid</span> <span class='ocrx_word' id='word_1_309' title='bbox 1934 2707 1978 2754; x_wconf 88' lang='lat' dir='ltr'>est</span> 
     </span>
     <span class='ocr_line' id='line_1_23' title="bbox 387 2787 1980 2863; baseline -0.001 -18"><span class='ocrx_word' id='word_1_310' title='bbox 387 2789 433 2845; x_wconf 79' lang='lat'>57.</span> <span class='ocrx_word' id='word_1_311' title='bbox 458 2789 502 2845; x_wconf 76' lang='lat' dir='ltr'>ta</span> <span class='ocrx_word' id='word_1_312' title='bbox 520 2793 590 2862; x_wconf 78' lang='lat' dir='ltr'>penti</span> <span class='ocrx_word' id='word_1_313' title='bbox 608 2793 761 2862; x_wconf 80' lang='lat' dir='ltr'>peccatrici,</span> <span class='ocrx_word' id='word_1_314' title='bbox 780 2793 875 2861; x_wconf 85' lang='lat' dir='ltr'>populo</span> <span class='ocrx_word' id='word_1_315' title='bbox 892 2793 967 2863; x_wconf 74' lang='lat' dir='ltr'>pruni</span> <span class='ocrx_word' id='word_1_316' title='bbox 988 2791 1136 2860; x_wconf 84' lang='lat' dir='ltr'>iniquitate,</span> <span class='ocrx_word' id='word_1_317' title='bbox 1189 2792 1273 2848; x_wconf 84' lang='lat' dir='ltr'>lauari</span> <span class='ocrx_word' id='word_1_318' title='bbox 1294 2792 1347 2847; x_wconf 92' lang='lat' dir='ltr'>nisi</span> <span class='ocrx_word' id='word_1_319' title='bbox 1368 2791 1522 2863; x_wconf 75' lang='lat' dir='ltr'>baptizari?</span> <span class='ocrx_word' id='word_1_320' title='bbox 1543 2791 1620 2861; x_wconf 82' lang='lat' dir='ltr'>Aqua</span> <span class='ocrx_word' id='word_1_321' title='bbox 1641 2791 1709 2845; x_wconf 89' lang='lat' dir='ltr'>nibil</span> <span class='ocrx_word' id='word_1_322' title='bbox 1730 2790 1842 2860; x_wconf 90' lang='lat' dir='ltr'>prodest</span> <span class='ocrx_word' id='word_1_323' title='bbox 1855 2788 1909 2844; x_wconf 84' lang='lat' dir='ltr'>nisi</span> <span class='ocrx_word' id='word_1_324' title='bbox 1930 2787 1980 2843; x_wconf 88' lang='lat' dir='ltr'>ad·</span> 
     </span>
     <span class='ocr_line' id='line_1_24' title="bbox 352 2879 1978 2959; baseline -0.001 -23"><span class='ocrx_word' id='word_1_325' title='bbox 352 2882 447 2936; x_wconf 87' lang='lat' dir='ltr'>senrini</span> <span class='ocrx_word' id='word_1_326' title='bbox 464 2900 585 2953; x_wconf 71' lang='lat' dir='ltr'>uenarum,</span> <span class='ocrx_word' id='word_1_327' title='bbox 602 2885 665 2953; x_wconf 79' lang='lat' dir='ltr'>filiis</span> <span class='ocrx_word' id='word_1_328' title='bbox 681 2884 833 2939; x_wconf 86' lang='lat' dir='ltr'>sceleratis!</span> <span class='ocrx_word' id='word_1_329' title='bbox 851 2883 947 2956; x_wconf 79' lang='lat' dir='ltr'>libid.)</span> <span class='ocrx_word' id='word_1_330' title='bbox 963 2882 1019 2946; x_wconf 84' lang='lat' dir='ltr'>i&#39;ae,</span> <span class='ocrx_word' id='word_1_331' title='bbox 1036 2884 1136 2953; x_wconf 85' lang='lat' dir='ltr'>inquit,</span> <span class='ocrx_word' id='word_1_332' title='bbox 1190 2886 1272 2941; x_wconf 82' lang='lat' dir='ltr'>luerit</span> <span class='ocrx_word' id='word_1_333' title='bbox 1292 2887 1338 2959; x_wconf 84' lang='lat' dir='ltr'>qui</span> <span class='ocrx_word' id='word_1_334' title='bbox 1364 2884 1555 2941; x_wconf 85' lang='lat' dir='ltr'>remissionem</span> <span class='ocrx_word' id='word_1_335' title='bbox 1579 2892 1754 2955; x_wconf 89' lang='lat' dir='ltr'>peccatorum</span> <span class='ocrx_word' id='word_1_336' title='bbox 1779 2881 1895 2938; x_wconf 81' lang='lat' dir='ltr'>dederit.</span> <span class='ocrx_word' id='word_1_337' title='bbox 1917 2879 1978 2937; x_wconf 84' lang='lat' dir='ltr'>llon</span> 
     </span>
     <span class='ocr_line' id='line_1_25' title="bbox 351 2971 1978 3048; baseline 0 -20"><span class='ocrx_word' id='word_1_338' title='bbox 351 2976 427 3044; x_wconf 75' lang='lat' dir='ltr'>gerni</span> <span class='ocrx_word' id='word_1_339' title='bbox 441 2974 596 3030; x_wconf 79' lang='lat' dir='ltr'>taruaaruar</span> <span class='ocrx_word' id='word_1_340' title='bbox 611 2976 637 3030; x_wconf 92' lang='lat' dir='ltr'>in</span> <span class='ocrx_word' id='word_1_341' title='bbox 652 2976 704 3031; x_wconf 88' lang='lat' dir='ltr'>boc</span> <span class='ocrx_word' id='word_1_342' title='bbox 721 2978 878 3048; x_wconf 77' lang='lat' dir='ltr'>peecanmi,</span> <span class='ocrx_word' id='word_1_343' title='bbox 893 2975 967 3047; x_wconf 82' lang='lat' dir='ltr'>paud</span> <span class='ocrx_word' id='word_1_344' title='bbox 982 2993 1038 3031; x_wconf 91' lang='lat' dir='ltr'>non</span> <span class='ocrx_word' id='word_1_345' title='bbox 1052 2991 1138 3047; x_wconf 82' lang='lat' dir='ltr'>agno·</span> <span class='ocrx_word' id='word_1_346' title='bbox 1189 2991 1255 3047; x_wconf 78' lang='lat' dir='ltr'>ergo</span> <span class='ocrx_word' id='word_1_347' title='bbox 1272 2976 1306 3031; x_wconf 91' lang='lat' dir='ltr'>de</span> <span class='ocrx_word' id='word_1_348' title='bbox 1323 2975 1397 3031; x_wconf 88' lang='lat' dir='ltr'>omni</span> <span class='ocrx_word' id='word_1_349' title='bbox 1411 2989 1482 3046; x_wconf 86' lang='lat' dir='ltr'>aqua</span> <span class='ocrx_word' id='word_1_350' title='bbox 1495 2975 1617 3045; x_wconf 82' lang='lat' dir='ltr'>jubetur,</span> <span class='ocrx_word' id='word_1_351' title='bbox 1637 2982 1666 3029; x_wconf 91' lang='lat' dir='ltr'>ut</span> <span class='ocrx_word' id='word_1_352' title='bbox 1682 2974 1817 3037; x_wconf 81' lang='lat' dir='ltr'>laventur,</span> <span class='ocrx_word' id='word_1_353' title='bbox 1834 2971 1883 3029; x_wconf 90' lang='lat' dir='ltr'>sed</span> <span class='ocrx_word' id='word_1_354' title='bbox 1897 2972 1932 3028; x_wconf 88' lang='lat' dir='ltr'>de</span> <span class='ocrx_word' id='word_1_355' title='bbox 1944 2987 1978 3028; x_wconf 78' lang='lat' dir='ltr'>ea</span> 
     </span>
     <span class='ocr_line' id='line_1_26' title="bbox 351 3065 1981 3138; baseline 0 -20"><span class='ocrx_word' id='word_1_356' title='bbox 351 3066 391 3118; x_wconf 82' lang='lat' dir='ltr'>sit</span> <span class='ocrx_word' id='word_1_357' title='bbox 409 3081 496 3135; x_wconf 87' lang='lat' dir='ltr'>neque</span> <span class='ocrx_word' id='word_1_358' title='bbox 515 3066 617 3135; x_wconf 88' lang='lat' dir='ltr'>recepit</span> <span class='ocrx_word' id='word_1_359' title='bbox 635 3065 825 3130; x_wconf 73' lang='lat' dir='ltr'>Salinatorem,</span> <span class='ocrx_word' id='word_1_360' title='bbox 850 3066 897 3122; x_wconf 88' lang='lat' dir='ltr'>sed</span> <span class='ocrx_word' id='word_1_361' title='bbox 918 3065 1065 3123; x_wconf 87' lang='lat' dir='ltr'>irnerlecit.</span> <span class='ocrx_word' id='word_1_362' title='bbox 1085 3067 1140 3121; x_wconf 77' lang='lat' dir='ltr'>l’o·</span> <span class='ocrx_word' id='word_1_363' title='bbox 1189 3075 1296 3122; x_wconf 89' lang='lat' dir='ltr'>tanturn</span> <span class='ocrx_word' id='word_1_364' title='bbox 1317 3066 1345 3121; x_wconf 90' lang='lat' dir='ltr'>iu</span> <span class='ocrx_word' id='word_1_365' title='bbox 1364 3081 1419 3138; x_wconf 87' lang='lat' dir='ltr'>qua</span> <span class='ocrx_word' id='word_1_366' title='bbox 1442 3075 1554 3138; x_wconf 82' lang='lat' dir='ltr'>peccata</span> <span class='ocrx_word' id='word_1_367' title='bbox 1575 3066 1755 3128; x_wconf 80' lang='lat' dir='ltr'>inundantur,</span> <span class='ocrx_word' id='word_1_368' title='bbox 1780 3079 1841 3136; x_wconf 78' lang='lat' dir='ltr'>quae</span> <span class='ocrx_word' id='word_1_369' title='bbox 1862 3079 1915 3118; x_wconf 91' lang='lat' dir='ltr'>nou</span> <span class='ocrx_word' id='word_1_370' title='bbox 1936 3070 1981 3118; x_wconf 89' lang='lat' dir='ltr'>cst</span> 
     </span>
     <span class='ocr_line' id='line_1_27' title="bbox 351 3155 1979 3229; baseline -0.001 -18"><span class='ocrx_word' id='word_1_371' title='bbox 351 3158 416 3229; x_wconf 81' lang='lat' dir='ltr'>pulo</span> <span class='ocrx_word' id='word_1_372' title='bbox 433 3160 508 3229; x_wconf 80' lang='lat' dir='ltr'>praui</span> <span class='ocrx_word' id='word_1_373' title='bbox 523 3160 671 3229; x_wconf 82' lang='lat' dir='ltr'>iniquitate,</span> <span class='ocrx_word' id='word_1_374' title='bbox 688 3161 739 3214; x_wconf 92' lang='lat' dir='ltr'>hoc</span> <span class='ocrx_word' id='word_1_375' title='bbox 757 3169 800 3215; x_wconf 88' lang='lat' dir='ltr'>cst</span> <span class='ocrx_word' id='word_1_376' title='bbox 818 3167 932 3214; x_wconf 88' lang='lat' dir='ltr'>onerato</span> <span class='ocrx_word' id='word_1_377' title='bbox 950 3160 1072 3229; x_wconf 85' lang='lat' dir='ltr'>peccatis</span> <span class='ocrx_word' id='word_1_378' title='bbox 1090 3160 1141 3214; x_wconf 90' lang='lat' dir='ltr'>ho·</span> <span class='ocrx_word' id='word_1_379' title='bbox 1191 3157 1244 3212; x_wconf 90' lang='lat' dir='ltr'>alia</span> <span class='ocrx_word' id='word_1_380' title='bbox 1264 3158 1319 3213; x_wconf 92' lang='lat' dir='ltr'>nisi</span> <span class='ocrx_word' id='word_1_381' title='bbox 1339 3172 1411 3229; x_wconf 85' lang='lat' dir='ltr'>aqua</span> <span class='ocrx_word' id='word_1_382' title='bbox 1430 3156 1615 3228; x_wconf 83' lang='lat' dir='ltr'>baptismatis.</span> <span class='ocrx_word' id='word_1_383' title='bbox 1636 3156 1668 3210; x_wconf 85' lang='lat' dir='ltr'>Et</span> <span class='ocrx_word' id='word_1_384' title='bbox 1689 3157 1741 3211; x_wconf 93' lang='lat' dir='ltr'>huc</span> <span class='ocrx_word' id='word_1_385' title='bbox 1765 3155 1846 3212; x_wconf 88' lang='lat' dir='ltr'>laeile</span> <span class='ocrx_word' id='word_1_386' title='bbox 1867 3155 1979 3226; x_wconf 83' lang='lat' dir='ltr'>probari</span> 
     </span>
     <span class='ocr_line' id='line_1_28' title="bbox 351 3249 1981 3323; baseline 0.001 -19"><span class='ocrx_word' id='word_1_387' title='bbox 351 3250 458 3305; x_wconf 90' lang='lat' dir='ltr'>nricidii</span> <span class='ocrx_word' id='word_1_388' title='bbox 478 3258 505 3306; x_wconf 89' lang='lat' dir='ltr'>et</span> <span class='ocrx_word' id='word_1_389' title='bbox 525 3259 699 3322; x_wconf 86' lang='lat' dir='ltr'>contemptus</span> <span class='ocrx_word' id='word_1_390' title='bbox 723 3252 751 3306; x_wconf 91' lang='lat' dir='ltr'>in</span> <span class='ocrx_word' id='word_1_391' title='bbox 773 3251 868 3307; x_wconf 88' lang='lat' dir='ltr'>Deum.</span> <span class='ocrx_word' id='word_1_392' title='bbox 893 3251 993 3308; x_wconf 87' lang='lat' dir='ltr'>Semini</span> <span class='ocrx_word' id='word_1_393' title='bbox 1016 3269 1138 3323; x_wconf 80' lang='lat' dir='ltr'>nequam,</span> <span class='ocrx_word' id='word_1_394' title='bbox 1191 3255 1291 3318; x_wconf 90' lang='lat' dir='ltr'>potest,</span> <span class='ocrx_word' id='word_1_395' title='bbox 1308 3264 1372 3303; x_wconf 85' lang='lat' dir='ltr'>narn</span> <span class='ocrx_word' id='word_1_396' title='bbox 1391 3263 1452 3304; x_wconf 91' lang='lat' dir='ltr'>cum</span> <span class='ocrx_word' id='word_1_397' title='bbox 1472 3249 1599 3320; x_wconf 87' lang='lat' dir='ltr'>superius</span> <span class='ocrx_word' id='word_1_398' title='bbox 1618 3251 1805 3320; x_wconf 68' lang='lat' dir='ltr'>promisisset,</span> <span class='ocrx_word' id='word_1_399' title='bbox 1823 3250 1920 3306; x_wconf 84' lang='lat' dir='ltr'>llmrus</span> <span class='ocrx_word' id='word_1_400' title='bbox 1939 3268 1981 3307; x_wconf 86' lang='lat' dir='ltr'>ne-</span> 
     </span>
     <span class='ocr_line' id='line_1_29' title="bbox 351 3340 1978 3416; baseline 0.002 -21"><span class='ocrx_word' id='word_1_401' title='bbox 351 3342 418 3413; x_wconf 78' lang='lat' dir='ltr'>quis</span> <span class='ocrx_word' id='word_1_402' title='bbox 430 3357 463 3398; x_wconf 82' lang='lat' dir='ltr'>ex</span> <span class='ocrx_word' id='word_1_403' title='bbox 478 3351 554 3413; x_wconf 90' lang='lat' dir='ltr'>patre</span> <span class='ocrx_word' id='word_1_404' title='bbox 568 3343 679 3398; x_wconf 90' lang='lat' dir='ltr'>diabolo</span> <span class='ocrx_word' id='word_1_405' title='bbox 689 3350 763 3399; x_wconf 86' lang='lat' dir='ltr'>suut.</span> <span class='ocrx_word' id='word_1_406' title='bbox 777 3342 856 3398; x_wconf 80' lang='lat' dir='ltr'>Filiis</span> <span class='ocrx_word' id='word_1_407' title='bbox 869 3344 1017 3406; x_wconf 82' lang='lat' dir='ltr'>sceleratis,</span> <span class='ocrx_word' id='word_1_408' title='bbox 1031 3347 1059 3401; x_wconf 94' lang='lat' dir='ltr'>in</span> <span class='ocrx_word' id='word_1_409' title='bbox 1070 3360 1141 3416; x_wconf 86' lang='lat' dir='ltr'>quos</span> <span class='ocrx_word' id='word_1_410' title='bbox 1191 3351 1255 3398; x_wconf 85' lang='lat' dir='ltr'>sira</span> <span class='ocrx_word' id='word_1_411' title='bbox 1267 3342 1395 3412; x_wconf 76' lang='lat' dir='ltr'>sarrpuine</span> <span class='ocrx_word' id='word_1_412' title='bbox 1409 3340 1493 3410; x_wconf 80' lang='lat' dir='ltr'>plena</span> <span class='ocrx_word' id='word_1_413' title='bbox 1504 3350 1575 3406; x_wconf 79' lang='lat' dir='ltr'>sarit,</span> <span class='ocrx_word' id='word_1_414' title='bbox 1587 3351 1613 3397; x_wconf 90' lang='lat' dir='ltr'>ct</span> <span class='ocrx_word' id='word_1_415' title='bbox 1623 3341 1737 3397; x_wconf 77' lang='lat' dir='ltr'>iustitio</span> <span class='ocrx_word' id='word_1_416' title='bbox 1749 3343 1878 3398; x_wconf 74' lang='lat' dir='ltr'>habitauit</span> <span class='ocrx_word' id='word_1_417' title='bbox 1893 3345 1918 3398; x_wconf 89' lang='lat' dir='ltr'>iu</span> <span class='ocrx_word' id='word_1_418' title='bbox 1936 3361 1978 3409; x_wconf 86' lang='lat' dir='ltr'>ea,</span> 
     </span>
     <span class='ocr_line' id='line_1_30' title="bbox 352 3432 1982 3506; baseline 0.002 -19"><span class='ocrx_word' id='word_1_419' title='bbox 352 3448 435 3488; x_wconf 90' lang='lat' dir='ltr'>omne</span> <span class='ocrx_word' id='word_1_420' title='bbox 455 3434 588 3489; x_wconf 90' lang='lat' dir='ltr'>scelerum</span> <span class='ocrx_word' id='word_1_421' title='bbox 609 3450 695 3506; x_wconf 76' lang='lat' dir='ltr'>genus</span> <span class='ocrx_word' id='word_1_422' title='bbox 716 3435 834 3490; x_wconf 87' lang='lat' dir='ltr'>inllrtxit.</span> <span class='ocrx_word' id='word_1_423' title='bbox 855 3435 889 3489; x_wconf 83' lang='lat' dir='ltr'>m</span> <span class='ocrx_word' id='word_1_424' title='bbox 911 3451 1025 3491; x_wconf 89' lang='lat' dir='ltr'>cansam</span> <span class='ocrx_word' id='word_1_425' title='bbox 1047 3437 1141 3492; x_wconf 87' lang='lat' dir='ltr'>subdit</span> <span class='ocrx_word' id='word_1_426' title='bbox 1192 3442 1362 3486; x_wconf 77' lang='lat' dir='ltr'>mercantem</span> <span class='ocrx_word' id='word_1_427' title='bbox 1377 3432 1525 3499; x_wconf 76' lang='lat' dir='ltr'>leonicidre,</span> <span class='ocrx_word' id='word_1_428' title='bbox 1538 3433 1573 3489; x_wconf 88' lang='lat' dir='ltr'>de</span> <span class='ocrx_word' id='word_1_429' title='bbox 1587 3436 1730 3504; x_wconf 78' lang='lat' dir='ltr'>sauguinis</span> <span class='ocrx_word' id='word_1_430' title='bbox 1743 3436 1878 3491; x_wconf 80' lang='lat' dir='ltr'>effusione</span> <span class='ocrx_word' id='word_1_431' title='bbox 1891 3444 1918 3491; x_wconf 93' lang='lat' dir='ltr'>et</span> <span class='ocrx_word' id='word_1_432' title='bbox 1930 3436 1982 3490; x_wconf 91' lang='lat' dir='ltr'>bo-</span> 
     </span>
     <span class='ocr_line' id='line_1_31' title="bbox 351 3523 1981 3597; baseline 0.004 -20"><span class='ocrx_word' id='word_1_433' title='bbox 351 3541 405 3580; x_wconf 86' lang='lat' dir='ltr'>cur</span> <span class='ocrx_word' id='word_1_434' title='bbox 419 3533 494 3581; x_wconf 82' lang='lat' dir='ltr'>tanco</span> <span class='ocrx_word' id='word_1_435' title='bbox 509 3529 626 3597; x_wconf 80' lang='lat' dir='ltr'>populns</span> <span class='ocrx_word' id='word_1_436' title='bbox 642 3527 800 3584; x_wconf 67' lang='lat' dir='ltr'>ludaeorum</span> <span class='ocrx_word' id='word_1_437' title='bbox 815 3529 964 3584; x_wconf 66' lang='lat' dir='ltr'>denotetur</span> <span class='ocrx_word' id='word_1_438' title='bbox 981 3529 1104 3585; x_wconf 63' lang='lat' dir='ltr'>inulamia,</span> <span class='ocrx_word' id='word_1_439' title='bbox 1193 3523 1304 3578; x_wconf 88' lang='lat' dir='ltr'>ruicidio</span> <span class='ocrx_word' id='word_1_440' title='bbox 1323 3535 1465 3595; x_wconf 82' lang='lat' dir='ltr'>peccatura</span> <span class='ocrx_word' id='word_1_441' title='bbox 1486 3541 1534 3582; x_wconf 88' lang='lat' dir='ltr'>eos</span> <span class='ocrx_word' id='word_1_442' title='bbox 1553 3528 1725 3582; x_wconf 78' lang='lat' dir='ltr'>contraxisse</span> <span class='ocrx_word' id='word_1_443' title='bbox 1746 3527 1901 3595; x_wconf 89' lang='lat' dir='ltr'>denuntiat,</span> <span class='ocrx_word' id='word_1_444' title='bbox 1923 3535 1981 3583; x_wconf 89' lang='lat' dir='ltr'>sta·</span> 
     </span>
     <span class='ocr_line' id='line_1_32' title="bbox 388 3589 1977 3692; baseline -0.001 -18"><span class='ocrx_word' id='word_1_445' title='bbox 388 3618 434 3674; x_wconf 74' lang='lat'>58.</span> <span class='ocrx_word' id='word_1_446' title='bbox 449 3618 647 3688; x_wconf 75' lang='lat' dir='ltr'>dereliquerunt</span> <span class='ocrx_word' id='word_1_447' title='bbox 659 3620 811 3683; x_wconf 79' lang='lat' dir='ltr'>hominum,</span> <span class='ocrx_word' id='word_1_448' title='bbox 822 3589 1179 3692; x_wconf 76' lang='lat' dir='ltr'>blasphenrurerantSnu·c</span> <span class='ocrx_word' id='word_1_449' title='bbox 1194 3617 1296 3685; x_wconf 86' lang='lat' dir='ltr'>tiunpre</span> <span class='ocrx_word' id='word_1_450' title='bbox 1313 3616 1449 3672; x_wconf 79' lang='lat' dir='ltr'>subinfert</span> <span class='ocrx_word' id='word_1_451' title='bbox 1466 3617 1539 3688; x_wconf 79' lang='lat' dir='ltr'>uliud</span> <span class='ocrx_word' id='word_1_452' title='bbox 1556 3633 1610 3672; x_wconf 93' lang='lat' dir='ltr'>non</span> <span class='ocrx_word' id='word_1_453' title='bbox 1627 3618 1745 3673; x_wconf 88' lang='lat' dir='ltr'>dimittet</span> <span class='ocrx_word' id='word_1_454' title='bbox 1760 3619 1800 3673; x_wconf 86' lang='lat' dir='ltr'>cis</span> <span class='ocrx_word' id='word_1_455' title='bbox 1816 3618 1868 3673; x_wconf 88' lang='lat' dir='ltr'>hoc</span> <span class='ocrx_word' id='word_1_456' title='bbox 1883 3633 1977 3689; x_wconf 80' lang='lat' dir='ltr'>pccca-</span> 
     </span>
     <span class='ocr_line' id='line_1_33' title="bbox 352 3709 1979 3782; baseline 0.003 -15"><span class='ocrx_word' id='word_1_457' title='bbox 352 3724 425 3767; x_wconf 82' lang='lat' dir='ltr'>euon</span> <span class='ocrx_word' id='word_1_458' title='bbox 440 3711 536 3776; x_wconf 68' lang='lat' dir='ltr'>lerant,</span> <span class='ocrx_word' id='word_1_459' title='bbox 550 3713 695 3767; x_wconf 73' lang='lat' dir='ltr'>continnae</span> <span class='ocrx_word' id='word_1_460' title='bbox 708 3723 769 3767; x_wconf 70' lang='lat' dir='ltr'>rnna</span> <span class='ocrx_word' id='word_1_461' title='bbox 783 3723 930 3771; x_wconf 66' lang='lat' dir='ltr'>terrenam</span> <span class='ocrx_word' id='word_1_462' title='bbox 945 3714 1052 3782; x_wconf 70' lang='lat' dir='ltr'>(tutan.</span> <span class='ocrx_word' id='word_1_463' title='bbox 1065 3714 1144 3771; x_wconf 74' lang='lat' dir='ltr'>bere</span> <span class='ocrx_word' id='word_1_464' title='bbox 1193 3715 1261 3772; x_wconf 82' lang='grc'><strong>111111,</strong></span> <span class='ocrx_word' id='word_1_465' title='bbox 1282 3709 1335 3763; x_wconf 83' lang='lat' dir='ltr'>arsi</span> <span class='ocrx_word' id='word_1_466' title='bbox 1357 3710 1528 3764; x_wconf 75' lang='grc'><strong>1111111111</strong></span> <span class='ocrx_word' id='word_1_467' title='bbox 1548 3709 1725 3765; x_wconf 83' lang='lat' dir='ltr'>mundamur.</span> <span class='ocrx_word' id='word_1_468' title='bbox 1745 3711 1784 3765; x_wconf 79' lang='lat' dir='ltr'>ne</span> <span class='ocrx_word' id='word_1_469' title='bbox 1804 3709 1828 3765; x_wconf 87' lang='lat' dir='ltr'>si</span> <span class='ocrx_word' id='word_1_470' title='bbox 1847 3711 1952 3768; x_wconf 84' lang='lat' dir='ltr'>diceret</span> <span class='ocrx_word' id='word_1_471' title='bbox 1971 3728 1979 3767; x_wconf 74' lang='grc' dir='ltr'><strong><em>ε</em></strong></span> 
     </span>
     <span class='ocr_line' id='line_1_34' title="bbox 353 3796 1979 3871; baseline 0.006 -14"><span class='ocrx_word' id='word_1_472' title='bbox 353 3803 494 3870; x_wconf 85' lang='lat' dir='ltr'>liouerunt</span> <span class='ocrx_word' id='word_1_473' title='bbox 512 3802 656 3858; x_wconf 83' lang='lat' dir='ltr'>boninum</span> <span class='ocrx_word' id='word_1_474' title='bbox 677 3804 911 3861; x_wconf 76' lang='lat' dir='ltr'>conclamantes:</span> <span class='ocrx_word' id='word_1_475' title='bbox 936 3803 998 3858; x_wconf 84' lang='lat' dir='ltr'>h&#39;on</span> <span class='ocrx_word' id='word_1_476' title='bbox 1018 3804 1143 3863; x_wconf 85' lang='lat' dir='ltr'>lolenrns</span> <span class='ocrx_word' id='word_1_477' title='bbox 1192 3797 1251 3853; x_wconf 81' lang='lat' dir='ltr'>Non</span> <span class='ocrx_word' id='word_1_478' title='bbox 1269 3796 1377 3853; x_wconf 89' lang='lat' dir='ltr'>dimitto</span> <span class='ocrx_word' id='word_1_479' title='bbox 1397 3799 1474 3854; x_wconf 81' lang='lat' dir='ltr'>tobis</span> <span class='ocrx_word' id='word_1_480' title='bbox 1494 3807 1635 3870; x_wconf 89' lang='lat' dir='ltr'>peccatum</span> <span class='ocrx_word' id='word_1_481' title='bbox 1656 3798 1796 3855; x_wconf 88' lang='lat' dir='ltr'>borrricidii</span> <span class='ocrx_word' id='word_1_482' title='bbox 1818 3800 1979 3871; x_wconf 80' lang='lat' dir='ltr'>perpetrari.</span> 
     </span>
     <span class='ocr_line' id='line_1_35' title="bbox 353 3890 1980 3965; baseline -0.002 -17"><span class='ocrx_word' id='word_1_483' title='bbox 353 3909 440 3962; x_wconf 80' lang='lat' dir='ltr'>nepem</span> <span class='ocrx_word' id='word_1_484' title='bbox 460 3894 511 3946; x_wconf 87' lang='lat' dir='ltr'>nisi</span> <span class='ocrx_word' id='word_1_485' title='bbox 534 3891 667 3947; x_wconf 75' lang='lat' dir='ltr'>Censorem</span> <span class='ocrx_word' id='word_1_486' title='bbox 690 3892 782 3963; x_wconf 73' lang='lat' dir='ltr'>(locu.</span> <span class='ocrx_word' id='word_1_487' title='bbox 793 3903 862 3965; x_wconf 78' lang='lat' dir='ltr'>xix).</span> <span class='ocrx_word' id='word_1_488' title='bbox 884 3894 1145 3965; x_wconf 78' lang='lat' dir='ltr'>blasphemaverunt</span> <span class='ocrx_word' id='word_1_489' title='bbox 1192 3891 1245 3944; x_wconf 88' lang='lat' dir='ltr'>nisi</span> <span class='ocrx_word' id='word_1_490' title='bbox 1258 3891 1363 3947; x_wconf 78' lang='lat' dir='ltr'>l&#39;ucritis</span> <span class='ocrx_word' id='word_1_491' title='bbox 1374 3906 1444 3961; x_wconf 80' lang='lat' dir='ltr'>aqua</span> <span class='ocrx_word' id='word_1_492' title='bbox 1456 3890 1630 3960; x_wconf 87' lang='lat' dir='ltr'>baptismatis</span> <span class='ocrx_word' id='word_1_493' title='bbox 1641 3890 1700 3954; x_wconf 92' lang='lat' dir='ltr'>loti,</span> <span class='ocrx_word' id='word_1_494' title='bbox 1714 3904 1766 3961; x_wconf 77' lang='lat' dir='ltr'>apra</span> <span class='ocrx_word' id='word_1_495' title='bbox 1779 3900 1890 3961; x_wconf 90' lang='lat' dir='ltr'>peccata</span> <span class='ocrx_word' id='word_1_496' title='bbox 1901 3906 1980 3946; x_wconf 86' lang='lat' dir='ltr'>murr-</span> 
     </span>
     <span class='ocr_line' id='line_1_36' title="bbox 354 3981 1980 4054; baseline -0.002 -15"><span class='ocrx_word' id='word_1_497' title='bbox 354 3991 481 4039; x_wconf 81' lang='lat' dir='ltr'>sanctum</span> <span class='ocrx_word' id='word_1_498' title='bbox 501 3981 596 4047; x_wconf 87' lang='lat' dir='ltr'>lsrael,</span> <span class='ocrx_word' id='word_1_499' title='bbox 609 3983 733 4040; x_wconf 88' lang='lat' dir='ltr'>dicentes</span> <span class='ocrx_word' id='word_1_500' title='bbox 752 4004 761 4043; x_wconf 78' lang='lat' dir='ltr'>c</span> <span class='ocrx_word' id='word_1_501' title='bbox 777 3985 943 4042; x_wconf 68' lang='lat' dir='ltr'>Brentesium</span> <span class='ocrx_word' id='word_1_502' title='bbox 959 3986 1038 4042; x_wconf 84' lang='lat' dir='ltr'>hahes</span> <span class='ocrx_word' id='word_1_503' title='bbox 1052 3995 1077 4040; x_wconf 83' lang='lat' dir='ltr'>et</span> <span class='ocrx_word' id='word_1_504' title='bbox 1093 3985 1145 4042; x_wconf 87' lang='lat' dir='ltr'>Sa·</span> <span class='ocrx_word' id='word_1_505' title='bbox 1193 3983 1304 4039; x_wconf 90' lang='lat' dir='ltr'>dautur.</span> <span class='ocrx_word' id='word_1_506' title='bbox 1321 3982 1494 4054; x_wconf 81' lang='lat' dir='ltr'>Respondeat</span> <span class='ocrx_word' id='word_1_507' title='bbox 1509 3981 1620 4039; x_wconf 83' lang='lat' dir='ltr'>indaeus</span> <span class='ocrx_word' id='word_1_508' title='bbox 1635 3983 1682 4037; x_wconf 92' lang='lat' dir='ltr'>ubi</span> <span class='ocrx_word' id='word_1_509' title='bbox 1697 3982 1833 4038; x_wconf 76' lang='lat' dir='ltr'>inverterit</span> <span class='ocrx_word' id='word_1_510' title='bbox 1847 3982 1980 4052; x_wconf 90' lang='lat' dir='ltr'>scriptum</span> 
     </span>
     <span class='ocr_line' id='line_1_37' title="bbox 353 4075 1980 4148; baseline 0.002 -20"><span class='ocrx_word' id='word_1_511' title='bbox 353 4076 505 4130; x_wconf 78' lang='lat' dir='ltr'>anconitanus</span> <span class='ocrx_word' id='word_1_512' title='bbox 515 4091 542 4130; x_wconf 83' lang='lat' dir='ltr'>es</span> <span class='ocrx_word' id='word_1_513' title='bbox 554 4075 894 4148; x_wconf 62' lang='lat' dir='ltr'>(taanmrupabaheaati</span> <span class='ocrx_word' id='word_1_514' title='bbox 905 4086 970 4133; x_wconf 86' lang='lat' dir='ltr'>sunt</span> <span class='ocrx_word' id='word_1_515' title='bbox 981 4088 1143 4143; x_wconf 90' lang='lat' dir='ltr'>retrorsum,</span> <span class='ocrx_word' id='word_1_516' title='bbox 1193 4077 1221 4130; x_wconf 92' lang='lat' dir='ltr'>in</span> <span class='ocrx_word' id='word_1_517' title='bbox 1241 4078 1310 4146; x_wconf 76' lang='lat' dir='ltr'>lege,</span> <span class='ocrx_word' id='word_1_518' title='bbox 1331 4077 1403 4146; x_wconf 88' lang='lat' dir='ltr'>quud</span> <span class='ocrx_word' id='word_1_519' title='bbox 1423 4076 1600 4132; x_wconf 86' lang='lat' dir='ltr'>homicidium</span> <span class='ocrx_word' id='word_1_520' title='bbox 1619 4077 1783 4147; x_wconf 75' lang='lat' dir='ltr'>expiationis</span> <span class='ocrx_word' id='word_1_521' title='bbox 1804 4091 1874 4147; x_wconf 80' lang='lat' dir='ltr'>aqua</span> <span class='ocrx_word' id='word_1_522' title='bbox 1896 4076 1980 4132; x_wconf 88' lang='lat' dir='ltr'>deleri</span> 
     </span>
     <span class='ocr_line' id='line_1_38' title="bbox 354 4165 1982 4241; baseline 0.002 -22"><span class='ocrx_word' id='word_1_523' title='bbox 354 4167 402 4238; x_wconf 84' lang='lat' dir='ltr'>qrri</span> <span class='ocrx_word' id='word_1_524' title='bbox 420 4165 557 4235; x_wconf 83' lang='lat' dir='ltr'>quondan</span> <span class='ocrx_word' id='word_1_525' title='bbox 575 4166 684 4221; x_wconf 84' lang='lat' dir='ltr'>inerant</span> <span class='ocrx_word' id='word_1_526' title='bbox 700 4166 730 4222; x_wconf 92' lang='lat' dir='ltr'>in</span> <span class='ocrx_word' id='word_1_527' title='bbox 748 4179 842 4239; x_wconf 82' lang='lat' dir='ltr'>capnt,</span> <span class='ocrx_word' id='word_1_528' title='bbox 862 4186 936 4226; x_wconf 89' lang='lat' dir='ltr'>none</span> <span class='ocrx_word' id='word_1_529' title='bbox 953 4178 1100 4227; x_wconf 82' lang='lat' dir='ltr'>vertuntur</span> <span class='ocrx_word' id='word_1_530' title='bbox 1116 4171 1144 4225; x_wconf 91' lang='lat' dir='ltr'>in</span> <span class='ocrx_word' id='word_1_531' title='bbox 1194 4168 1291 4223; x_wconf 86' lang='lat' dir='ltr'>debeat</span> <span class='ocrx_word' id='word_1_532' title='bbox 1313 4188 1319 4223; x_wconf 92' lang='lat'><strong>:</strong></span> <span class='ocrx_word' id='word_1_533' title='bbox 1340 4168 1413 4240; x_wconf 86' lang='lat' dir='ltr'>quod</span> <span class='ocrx_word' id='word_1_534' title='bbox 1437 4183 1499 4223; x_wconf 89' lang='lat' dir='ltr'>euru</span> <span class='ocrx_word' id='word_1_535' title='bbox 1522 4171 1642 4241; x_wconf 88' lang='lat' dir='ltr'>reperire</span> <span class='ocrx_word' id='word_1_536' title='bbox 1665 4184 1719 4225; x_wconf 93' lang='lat' dir='ltr'>non</span> <span class='ocrx_word' id='word_1_537' title='bbox 1743 4169 1854 4240; x_wconf 91' lang='lat' dir='ltr'>poterit,</span> <span class='ocrx_word' id='word_1_538' title='bbox 1874 4169 1982 4224; x_wconf 83' lang='lat' dir='ltr'>rroserit</span> 
     </span>
     <span class='ocr_line' id='line_1_39' title="bbox 354 4256 1981 4333; baseline 0.002 -20"><span class='ocrx_word' id='word_1_539' title='bbox 354 4258 482 4313; x_wconf 88' lang='lat' dir='ltr'>caudam.</span> <span class='ocrx_word' id='word_1_540' title='bbox 499 4256 533 4312; x_wconf 82' lang='lat' dir='ltr'>Et</span> <span class='ocrx_word' id='word_1_541' title='bbox 546 4272 600 4326; x_wconf 82' lang='lat' dir='ltr'>qna</span> <span class='ocrx_word' id='word_1_542' title='bbox 617 4257 651 4312; x_wconf 88' lang='lat' dir='ltr'>de</span> <span class='ocrx_word' id='word_1_543' title='bbox 667 4273 753 4315; x_wconf 87' lang='lat' dir='ltr'>causa</span> <span class='ocrx_word' id='word_1_544' title='bbox 773 4262 814 4315; x_wconf 90' lang='lat' dir='ltr'>sic</span> <span class='ocrx_word' id='word_1_545' title='bbox 831 4262 996 4325; x_wconf 84' lang='lat' dir='ltr'>alienentur,</span> <span class='ocrx_word' id='word_1_546' title='bbox 1016 4262 1075 4333; x_wconf 89' lang='lat' dir='ltr'>ipse</span> <span class='ocrx_word' id='word_1_547' title='bbox 1092 4260 1145 4316; x_wconf 84' lang='lat' dir='ltr'>bo·</span> <span class='ocrx_word' id='word_1_548' title='bbox 1195 4275 1292 4332; x_wconf 84' lang='lat' dir='ltr'>aqrrarn</span> <span class='ocrx_word' id='word_1_549' title='bbox 1307 4261 1478 4331; x_wconf 84' lang='lat' dir='ltr'>baptismatis</span> <span class='ocrx_word' id='word_1_550' title='bbox 1494 4277 1554 4319; x_wconf 88' lang='lat' dir='ltr'>esse</span> <span class='ocrx_word' id='word_1_551' title='bbox 1572 4263 1712 4319; x_wconf 87' lang='lat' dir='ltr'>meliorem</span> <span class='ocrx_word' id='word_1_552' title='bbox 1731 4264 1827 4317; x_wconf 80' lang='lat' dir='ltr'>Abana</span> <span class='ocrx_word' id='word_1_553' title='bbox 1846 4270 1874 4317; x_wconf 91' lang='lat' dir='ltr'>et</span> <span class='ocrx_word' id='word_1_554' title='bbox 1892 4261 1981 4317; x_wconf 89' lang='lat' dir='ltr'>Phar·</span> 
     </span>
     <span class='ocr_line' id='line_1_40' title="bbox 354 4346 1982 4426; baseline 0.003 -22"><span class='ocrx_word' id='word_1_555' title='bbox 354 4349 448 4404; x_wconf 84' lang='lat' dir='ltr'>rrrirrus</span> <span class='ocrx_word' id='word_1_556' title='bbox 463 4364 512 4419; x_wconf 87' lang='lat' dir='ltr'>per</span> <span class='ocrx_word' id='word_1_557' title='bbox 528 4346 674 4405; x_wconf 88' lang='lat' dir='ltr'>lerenrianr</span> <span class='ocrx_word' id='word_1_558' title='bbox 690 4355 828 4423; x_wconf 89' lang='lat' dir='ltr'>exposuit,</span> <span class='ocrx_word' id='word_1_559' title='bbox 843 4352 940 4409; x_wconf 85' lang='lat' dir='ltr'>dicens</span> <span class='ocrx_word' id='word_1_560' title='bbox 956 4374 962 4408; x_wconf 91' lang='lat'>:</span> <span class='ocrx_word' id='word_1_561' title='bbox 981 4352 1084 4424; x_wconf 85' lang='lat' dir='ltr'>ileliqni</span> <span class='ocrx_word' id='word_1_562' title='bbox 1097 4353 1145 4406; x_wconf 90' lang='lat' dir='ltr'>do·</span> <span class='ocrx_word' id='word_1_563' title='bbox 1194 4351 1263 4421; x_wconf 90' lang='lat' dir='ltr'>phar</span> <span class='ocrx_word' id='word_1_564' title='bbox 1276 4350 1366 4407; x_wconf 84' lang='lat' dir='ltr'>huriis</span> <span class='ocrx_word' id='word_1_565' title='bbox 1382 4350 1520 4417; x_wconf 86' lang='lat' dir='ltr'>Damasci,</span> <span class='ocrx_word' id='word_1_566' title='bbox 1536 4354 1649 4425; x_wconf 89' lang='lat' dir='ltr'>insuper</span> <span class='ocrx_word' id='word_1_567' title='bbox 1663 4361 1691 4409; x_wconf 91' lang='lat' dir='ltr'>et</span> <span class='ocrx_word' id='word_1_568' title='bbox 1704 4355 1832 4409; x_wconf 91' lang='lat' dir='ltr'>omuibus</span> <span class='ocrx_word' id='word_1_569' title='bbox 1846 4354 1925 4426; x_wconf 84' lang='lat' dir='ltr'>aquis</span> <span class='ocrx_word' id='word_1_570' title='bbox 1940 4352 1982 4410; x_wconf 87' lang='lat' dir='ltr'>ls-</span> 
     </span>
     <span class='ocr_line' id='line_1_41' title="bbox 354 4438 1981 4520; baseline 0.006 -27"><span class='ocrx_word' id='word_1_571' title='bbox 354 4455 428 4493; x_wconf 86' lang='lat' dir='ltr'>mum</span> <span class='ocrx_word' id='word_1_572' title='bbox 448 4454 545 4502; x_wconf 86' lang='lat' dir='ltr'>meam,</span> <span class='ocrx_word' id='word_1_573' title='bbox 567 4438 659 4493; x_wconf 79' lang='lat' dir='ltr'>dimisi</span> <span class='ocrx_word' id='word_1_574' title='bbox 681 4441 861 4496; x_wconf 80' lang='lat' dir='ltr'>lcareditarem</span> <span class='ocrx_word' id='word_1_575' title='bbox 886 4459 987 4503; x_wconf 75' lang='lat' dir='ltr'>arreum,</span> <span class='ocrx_word' id='word_1_576' title='bbox 1009 4442 1083 4511; x_wconf 74' lang='lat' dir='ltr'>factu</span> <span class='ocrx_word' id='word_1_577' title='bbox 1105 4452 1144 4496; x_wconf 82' lang='lat' dir='ltr'>est</span> <span class='ocrx_word' id='word_1_578' title='bbox 1195 4444 1260 4508; x_wconf 89' lang='lat' dir='ltr'>rael,</span> <span class='ocrx_word' id='word_1_579' title='bbox 1279 4445 1307 4499; x_wconf 92' lang='lat' dir='ltr'>in</span> <span class='ocrx_word' id='word_1_580' title='bbox 1325 4460 1379 4516; x_wconf 85' lang='lat' dir='ltr'>qrra</span> <span class='ocrx_word' id='word_1_581' title='bbox 1397 4446 1454 4501; x_wconf 91' lang='lat' dir='ltr'>sola</span> <span class='ocrx_word' id='word_1_582' title='bbox 1473 4447 1605 4501; x_wconf 91' lang='lat' dir='ltr'>tribuitur</span> <span class='ocrx_word' id='word_1_583' title='bbox 1621 4446 1756 4509; x_wconf 90' lang='lat' dir='ltr'>omnium,</span> <span class='ocrx_word' id='word_1_584' title='bbox 1772 4455 1902 4518; x_wconf 88' lang='lat' dir='ltr'>operante</span> <span class='ocrx_word' id='word_1_585' title='bbox 1918 4445 1981 4520; x_wconf 86' lang='lat' dir='ltr'>Spi-</span> 
     </span>
     <span class='ocr_line' id='line_1_42' title="bbox 354 4528 1980 4610; baseline 0.006 -27"><span class='ocrx_word' id='word_1_586' title='bbox 354 4529 422 4583; x_wconf 79' lang='lat' dir='ltr'>miles&#39;</span> <span class='ocrx_word' id='word_1_587' title='bbox 437 4528 578 4584; x_wconf 74' lang='lat' dir='ltr'>hareditas</span> <span class='ocrx_word' id='word_1_588' title='bbox 593 4546 653 4584; x_wconf 89' lang='lat' dir='ltr'>meo</span> <span class='ocrx_word' id='word_1_589' title='bbox 666 4532 734 4585; x_wconf 88' lang='lat' dir='ltr'>sicut</span> <span class='ocrx_word' id='word_1_590' title='bbox 747 4534 786 4586; x_wconf 86' lang='lat' dir='ltr'>leo</span> <span class='ocrx_word' id='word_1_591' title='bbox 798 4535 824 4587; x_wconf 90' lang='lat' dir='ltr'>in</span> <span class='ocrx_word' id='word_1_592' title='bbox 837 4534 914 4592; x_wconf 87' lang='lat' dir='ltr'>silco.</span> <span class='ocrx_word' id='word_1_593' title='bbox 927 4533 998 4588; x_wconf 82' lang='lat' dir='ltr'>dedit</span> <span class='ocrx_word' id='word_1_594' title='bbox 1013 4549 1091 4601; x_wconf 83' lang='lat' dir='ltr'>super</span> <span class='ocrx_word' id='word_1_595' title='bbox 1106 4549 1146 4587; x_wconf 87' lang='lat' dir='ltr'>me</span> <span class='ocrx_word' id='word_1_596' title='bbox 1195 4533 1249 4589; x_wconf 90' lang='lat' dir='ltr'>ritu</span> <span class='ocrx_word' id='word_1_597' title='bbox 1267 4545 1375 4601; x_wconf 87' lang='lat' dir='ltr'>sancto,</span> <span class='ocrx_word' id='word_1_598' title='bbox 1395 4537 1523 4593; x_wconf 87' lang='lat' dir='ltr'>remissio</span> <span class='ocrx_word' id='word_1_599' title='bbox 1540 4548 1728 4610; x_wconf 86' lang='lat' dir='ltr'>peccatorum.</span> <span class='ocrx_word' id='word_1_600' title='bbox 1745 4539 1863 4608; x_wconf 67' lang='lat' dir='ltr'>Auferte,</span> <span class='ocrx_word' id='word_1_601' title='bbox 1880 4539 1980 4610; x_wconf 78' lang='lat' dir='ltr'>inquit,</span> 
     </span>
     <span class='ocr_line' id='line_1_43' title="bbox 354 4621 1981 4697; baseline 0.004 -21"><span class='ocrx_word' id='word_1_602' title='bbox 354 4637 444 4677; x_wconf 83' lang='lat' dir='ltr'>rocem</span> <span class='ocrx_word' id='word_1_603' title='bbox 466 4636 542 4675; x_wconf 85' lang='lat' dir='ltr'>suam</span> <span class='ocrx_word' id='word_1_604' title='bbox 569 4621 638 4692; x_wconf 76' lang='lat' dir='ltr'>(der.</span> <span class='ocrx_word' id='word_1_605' title='bbox 658 4623 721 4688; x_wconf 79' lang='lat' dir='ltr'>xri).</span> <span class='ocrx_word' id='word_1_606' title='bbox 746 4623 893 4694; x_wconf 83' lang='lat' dir='ltr'>Propterea</span> <span class='ocrx_word' id='word_1_607' title='bbox 915 4625 972 4696; x_wconf 86' lang='lat' dir='ltr'>odit</span> <span class='ocrx_word' id='word_1_608' title='bbox 994 4639 1066 4682; x_wconf 84' lang='lat' dir='ltr'>cunr,</span> <span class='ocrx_word' id='word_1_609' title='bbox 1086 4640 1145 4693; x_wconf 76' lang='lat' dir='ltr'>qum</span> <span class='ocrx_word' id='word_1_610' title='bbox 1195 4626 1294 4679; x_wconf 76' lang='lat' dir='ltr'>trinium</span> <span class='ocrx_word' id='word_1_611' title='bbox 1310 4629 1496 4697; x_wconf 80' lang='lat' dir='ltr'>capitationem</span> <span class='ocrx_word' id='word_1_612' title='bbox 1513 4640 1658 4684; x_wconf 86' lang='lat' dir='ltr'>uestrorum</span> <span class='ocrx_word' id='word_1_613' title='bbox 1675 4628 1707 4683; x_wconf 85' lang='lat' dir='ltr'>ol</span> <span class='ocrx_word' id='word_1_614' title='bbox 1724 4631 1807 4685; x_wconf 85' lang='lat' dir='ltr'>oculis</span> <span class='ocrx_word' id='word_1_615' title='bbox 1826 4629 1981 4696; x_wconf 69' lang='grc'><strong>111111011-</strong></span> 
     </span>
     <span class='ocr_line' id='line_1_44' title="bbox 353 4713 1981 4793; baseline 0.004 -25"><span class='ocrx_word' id='word_1_616' title='bbox 353 4713 496 4786; x_wconf 81' lang='lat' dir='ltr'>quondam</span> <span class='ocrx_word' id='word_1_617' title='bbox 522 4713 575 4768; x_wconf 85' lang='lat' dir='ltr'>luit</span> <span class='ocrx_word' id='word_1_618' title='bbox 598 4714 755 4778; x_wconf 83' lang='lat' dir='ltr'>baereditas,</span> <span class='ocrx_word' id='word_1_619' title='bbox 783 4718 846 4785; x_wconf 83' lang='lat' dir='ltr'>qrria</span> <span class='ocrx_word' id='word_1_620' title='bbox 872 4716 947 4771; x_wconf 88' lang='lat' dir='ltr'>dedit</span> <span class='ocrx_word' id='word_1_621' title='bbox 973 4731 1056 4785; x_wconf 88' lang='lat' dir='ltr'>snper</span> <span class='ocrx_word' id='word_1_622' title='bbox 1082 4729 1145 4770; x_wconf 90' lang='lat' dir='ltr'>euro</span> <span class='ocrx_word' id='word_1_623' title='bbox 1195 4720 1246 4772; x_wconf 91' lang='lat' dir='ltr'>hus</span> <span class='ocrx_word' id='word_1_624' title='bbox 1264 4720 1355 4775; x_wconf 78' lang='grc'><strong>1111111</strong></span> <span class='ocrx_word' id='word_1_625' title='bbox 1378 4720 1524 4777; x_wconf 79' lang='lat' dir='ltr'>manifeste</span> <span class='ocrx_word' id='word_1_626' title='bbox 1543 4722 1607 4776; x_wconf 83' lang='lat' dir='ltr'>nori</span> <span class='ocrx_word' id='word_1_627' title='bbox 1622 4723 1776 4776; x_wconf 87' lang='lat' dir='ltr'>testamenti</span> <span class='ocrx_word' id='word_1_628' title='bbox 1795 4722 1890 4793; x_wconf 78' lang='lat' dir='ltr'>religio</span> <span class='ocrx_word' id='word_1_629' title='bbox 1905 4737 1981 4777; x_wconf 86' lang='lat' dir='ltr'>corrr-</span> 
     </span>
     <span class='ocr_line' id='line_1_45' title="bbox 354 4808 1982 4884; baseline 0.004 -24"><span class='ocrx_word' id='word_1_630' title='bbox 354 4821 452 4862; x_wconf 82' lang='lat' dir='ltr'>vocem</span> <span class='ocrx_word' id='word_1_631' title='bbox 471 4821 562 4872; x_wconf 83' lang='lat' dir='ltr'>susm,</span> <span class='ocrx_word' id='word_1_632' title='bbox 584 4809 707 4863; x_wconf 87' lang='lat' dir='ltr'>clamans</span> <span class='ocrx_word' id='word_1_633' title='bbox 725 4829 732 4864; x_wconf 89' lang='lat'>:</span> <span class='ocrx_word' id='word_1_634' title='bbox 751 4810 835 4871; x_wconf 82' lang='lat' dir='ltr'>Tolle,</span> <span class='ocrx_word' id='word_1_635' title='bbox 854 4810 927 4873; x_wconf 85' lang='lat' dir='ltr'>tolle,</span> <span class='ocrx_word' id='word_1_636' title='bbox 948 4810 1071 4879; x_wconf 75' lang='lat' dir='ltr'>crncifipe</span> <span class='ocrx_word' id='word_1_637' title='bbox 1085 4824 1144 4863; x_wconf 78' lang='lat' dir='ltr'>erim</span> <span class='ocrx_word' id='word_1_638' title='bbox 1195 4808 1349 4875; x_wconf 81' lang='lat' dir='ltr'>mandatur,</span> <span class='ocrx_word' id='word_1_639' title='bbox 1364 4825 1422 4880; x_wconf 82' lang='lat' dir='ltr'>qua</span> <span class='ocrx_word' id='word_1_640' title='bbox 1442 4827 1496 4865; x_wconf 92' lang='lat' dir='ltr'>non</span> <span class='ocrx_word' id='word_1_641' title='bbox 1515 4812 1603 4867; x_wconf 90' lang='lat' dir='ltr'>solum</span> <span class='ocrx_word' id='word_1_642' title='bbox 1619 4827 1712 4881; x_wconf 90' lang='lat' dir='ltr'>opera,</span> <span class='ocrx_word' id='word_1_643' title='bbox 1730 4812 1777 4867; x_wconf 89' lang='lat' dir='ltr'>sed</span> <span class='ocrx_word' id='word_1_644' title='bbox 1793 4820 1819 4866; x_wconf 91' lang='lat' dir='ltr'>et</span> <span class='ocrx_word' id='word_1_645' title='bbox 1835 4813 1982 4884; x_wconf 79' lang='lat' dir='ltr'>cogitatio·</span> 
     </span>
     <span class='ocr_line' id='line_1_46' title="bbox 354 4897 1981 5001; baseline 0.004 -49"><span class='ocrx_word' id='word_1_646' title='bbox 354 4897 450 4970; x_wconf 76' lang='lat' dir='ltr'>(ioan.</span> <span class='ocrx_word' id='word_1_647' title='bbox 466 4899 555 4970; x_wconf 83' lang='lat' dir='ltr'>xmrr).</span> <span class='ocrx_word' id='word_1_648' title='bbox 1156 4915 1244 5001; x_wconf 47' lang='grc' dir='ltr'>ῐ,1111</span> <span class='ocrx_word' id='word_1_649' title='bbox 1263 4917 1277 4954; x_wconf 90' lang='lat' dir='ltr'>a</span> <span class='ocrx_word' id='word_1_650' title='bbox 1298 4901 1371 4956; x_wconf 90' lang='lat' dir='ltr'>malo</span> <span class='ocrx_word' id='word_1_651' title='bbox 1388 4901 1507 4957; x_wconf 86' lang='lat' dir='ltr'>discerni</span> <span class='ocrx_word' id='word_1_652' title='bbox 1530 4902 1627 4972; x_wconf 88' lang='lat' dir='ltr'>jubet,</span> <span class='ocrx_word' id='word_1_653' title='bbox 1652 4903 1788 4975; x_wconf 86' lang='lat' dir='ltr'>sirualque</span> <span class='ocrx_word' id='word_1_654' title='bbox 1807 4901 1887 4959; x_wconf 90' lang='lat' dir='ltr'>docet</span> <span class='ocrx_word' id='word_1_655' title='bbox 1908 4903 1981 4974; x_wconf 79' lang='lat' dir='ltr'>qrrod</span> 
     </span>
     <span class='ocr_line' id='line_1_47' title="bbox 393 4985 1982 5068; baseline 0.008 -27"><span class='ocrx_word' id='word_1_656' title='bbox 393 4987 438 5041; x_wconf 80' lang='lat'>59.</span> <span class='ocrx_word' id='word_1_657' title='bbox 454 4985 535 5041; x_wconf 80' lang='lat' dir='ltr'>Faeni</span> <span class='ocrx_word' id='word_1_658' title='bbox 548 4991 612 5044; x_wconf 78' lang='lat' dir='ltr'>estis</span> <span class='ocrx_word' id='word_1_659' title='bbox 628 4991 692 5044; x_wconf 79' lang='lat' dir='ltr'>nrilri</span> <span class='ocrx_word' id='word_1_660' title='bbox 708 5000 735 5045; x_wconf 76' lang='lat' dir='ltr'>in</span> <span class='ocrx_word' id='word_1_661' title='bbox 751 4995 908 5060; x_wconf 80' lang='lat' dir='ltr'>sacietatem,</span> <span class='ocrx_word' id='word_1_662' title='bbox 921 5011 1085 5065; x_wconf 71' lang='lat' dir='ltr'>»nequaquam</span> <span class='ocrx_word' id='word_1_663' title='bbox 1099 4995 1143 5049; x_wconf 85' lang='lat' dir='ltr'>di·</span> <span class='ocrx_word' id='word_1_664' title='bbox 1196 5005 1245 5060; x_wconf 87' lang='lat' dir='ltr'>pro</span> <span class='ocrx_word' id='word_1_665' title='bbox 1267 4991 1386 5046; x_wconf 76' lang='lat' dir='ltr'>uictimis</span> <span class='ocrx_word' id='word_1_666' title='bbox 1405 5001 1433 5048; x_wconf 93' lang='lat' dir='ltr'>et</span> <span class='ocrx_word' id='word_1_667' title='bbox 1452 4993 1622 5050; x_wconf 86' lang='lat' dir='ltr'>holocaustis</span> <span class='ocrx_word' id='word_1_668' title='bbox 1641 5002 1668 5049; x_wconf 89' lang='lat' dir='ltr'>ct</span> <span class='ocrx_word' id='word_1_669' title='bbox 1688 4995 1768 5065; x_wconf 90' lang='lat' dir='ltr'>adipe</span> <span class='ocrx_word' id='word_1_670' title='bbox 1791 4994 1932 5068; x_wconf 74' lang='lat' dir='ltr'>pinguium</span> <span class='ocrx_word' id='word_1_671' title='bbox 1953 5003 1982 5051; x_wconf 90' lang='lat' dir='ltr'>ct</span> 
     </span>
     <span class='ocr_line' id='line_1_48' title="bbox 356 5079 1980 5158; baseline 0.007 -27"><span class='ocrx_word' id='word_1_672' title='bbox 356 5079 465 5133; x_wconf 86' lang='lat' dir='ltr'>mittam</span> <span class='ocrx_word' id='word_1_673' title='bbox 482 5090 590 5147; x_wconf 85' lang='lat' dir='ltr'>peecata</span> <span class='ocrx_word' id='word_1_674' title='bbox 609 5092 704 5138; x_wconf 80' lang='lat' dir='ltr'>uestra,</span> <span class='ocrx_word' id='word_1_675' title='bbox 721 5084 760 5138; x_wconf 77' lang='lat' dir='ltr'>Ad</span> <span class='ocrx_word' id='word_1_676' title='bbox 780 5085 838 5139; x_wconf 81' lang='lat' dir='ltr'>haec</span> <span class='ocrx_word' id='word_1_677' title='bbox 857 5101 968 5142; x_wconf 73' lang='lat' dir='ltr'>cunisam</span> <span class='ocrx_word' id='word_1_678' title='bbox 988 5103 1036 5158; x_wconf 75' lang='lat' dir='ltr'>par</span> <span class='ocrx_word' id='word_1_679' title='bbox 1054 5095 1145 5158; x_wconf 72' lang='lat' dir='ltr'>partes</span> <span class='ocrx_word' id='word_1_680' title='bbox 1195 5083 1328 5152; x_wconf 78' lang='lat' dir='ltr'>sanguine</span> <span class='ocrx_word' id='word_1_681' title='bbox 1342 5093 1481 5138; x_wconf 82' lang='lat' dir='ltr'>turicorum</span> <span class='ocrx_word' id='word_1_682' title='bbox 1492 5095 1519 5140; x_wconf 91' lang='lat' dir='ltr'>et</span> <span class='ocrx_word' id='word_1_683' title='bbox 1530 5086 1681 5150; x_wconf 89' lang='lat' dir='ltr'>hircorum,</span> <span class='ocrx_word' id='word_1_684' title='bbox 1693 5095 1720 5141; x_wconf 92' lang='lat' dir='ltr'>ct</span> <span class='ocrx_word' id='word_1_685' title='bbox 1732 5102 1781 5157; x_wconf 88' lang='lat' dir='ltr'>pro</span> <span class='ocrx_word' id='word_1_686' title='bbox 1793 5087 1980 5158; x_wconf 84' lang='lat' dir='ltr'>thymiamate,</span> 
     </span>
     <span class='ocr_line' id='line_1_49' title="bbox 354 5169 1978 5248; baseline 0.007 -26"><span class='ocrx_word' id='word_1_687' title='bbox 354 5172 520 5240; x_wconf 80' lang='lat' dir='ltr'>exsequitur</span> <span class='ocrx_word' id='word_1_688' title='bbox 531 5187 583 5242; x_wconf 85' lang='lat' dir='ltr'>qua</span> <span class='ocrx_word' id='word_1_689' title='bbox 596 5169 704 5228; x_wconf 76' lang='lat' dir='ltr'>ludaeos</span> <span class='ocrx_word' id='word_1_690' title='bbox 716 5176 857 5244; x_wconf 76' lang='lat' dir='ltr'>abiecerit.</span> <span class='ocrx_word' id='word_1_691' title='bbox 871 5177 931 5231; x_wconf 76' lang='lat' dir='ltr'>h&#39;on</span> <span class='ocrx_word' id='word_1_692' title='bbox 944 5179 1089 5242; x_wconf 85' lang='lat' dir='ltr'>diaritram,</span> <span class='ocrx_word' id='word_1_693' title='bbox 1102 5181 1145 5234; x_wconf 92' lang='lat' dir='ltr'>in·</span> <span class='ocrx_word' id='word_1_694' title='bbox 1195 5176 1357 5241; x_wconf 85' lang='lat' dir='ltr'>neomeniis,</span> <span class='ocrx_word' id='word_1_695' title='bbox 1382 5176 1510 5239; x_wconf 81' lang='lat' dir='ltr'>Sabbato,</span> <span class='ocrx_word' id='word_1_696' title='bbox 1532 5177 1576 5233; x_wconf 90' lang='lat' dir='ltr'>die</span> <span class='ocrx_word' id='word_1_697' title='bbox 1596 5177 1678 5241; x_wconf 82' lang='lat' dir='ltr'>sesto,</span> <span class='ocrx_word' id='word_1_698' title='bbox 1696 5178 1821 5248; x_wconf 85' lang='lat' dir='ltr'>jejuniis,</span> <span class='ocrx_word' id='word_1_699' title='bbox 1842 5177 1978 5241; x_wconf 79' lang='lat' dir='ltr'>kalendis,</span> 
     </span>
     <span class='ocr_line' id='line_1_50' title="bbox 356 5262 1981 5342; baseline 0.005 -25"><span class='ocrx_word' id='word_1_700' title='bbox 356 5262 430 5334; x_wconf 76' lang='lat' dir='ltr'>unit,</span> <span class='ocrx_word' id='word_1_701' title='bbox 451 5272 559 5331; x_wconf 81' lang='lat' dir='ltr'>peccata</span> <span class='ocrx_word' id='word_1_702' title='bbox 576 5275 663 5319; x_wconf 85' lang='lat' dir='ltr'>uestro</span> <span class='ocrx_word' id='word_1_703' title='bbox 686 5265 756 5337; x_wconf 74' lang='lat' dir='ltr'>(lia.</span> <span class='ocrx_word' id='word_1_704' title='bbox 780 5267 810 5335; x_wconf 80' lang='lat' dir='ltr'>r).</span> <span class='ocrx_word' id='word_1_705' title='bbox 831 5269 943 5334; x_wconf 80' lang='lat' dir='ltr'>Quare?</span> <span class='ocrx_word' id='word_1_706' title='bbox 962 5271 1026 5340; x_wconf 81' lang='lat' dir='ltr'>qrria</span> <span class='ocrx_word' id='word_1_707' title='bbox 1050 5287 1144 5325; x_wconf 88' lang='lat' dir='ltr'>manus</span> <span class='ocrx_word' id='word_1_708' title='bbox 1194 5276 1221 5321; x_wconf 87' lang='lat' dir='ltr'>et</span> <span class='ocrx_word' id='word_1_709' title='bbox 1239 5267 1300 5322; x_wconf 84' lang='lat' dir='ltr'>aliis</span> <span class='ocrx_word' id='word_1_710' title='bbox 1318 5269 1549 5332; x_wconf 80' lang='lat' dir='ltr'>solemnitatibus,</span> <span class='ocrx_word' id='word_1_711' title='bbox 1566 5269 1628 5325; x_wconf 90' lang='lat' dir='ltr'>lldei</span> <span class='ocrx_word' id='word_1_712' title='bbox 1643 5270 1808 5326; x_wconf 80' lang='lat' dir='ltr'>Christianae</span> <span class='ocrx_word' id='word_1_713' title='bbox 1822 5270 1981 5342; x_wconf 73' lang='lat' dir='ltr'>religionem</span> 
     </span>
     <span class='ocr_line' id='line_1_51' title="bbox 355 5357 1982 5432; baseline 0.005 -24"><span class='ocrx_word' id='word_1_714' title='bbox 355 5363 452 5410; x_wconf 78' lang='lat' dir='ltr'>uestra</span> <span class='ocrx_word' id='word_1_715' title='bbox 465 5357 592 5426; x_wconf 80' lang='lat' dir='ltr'>sanprnne</span> <span class='ocrx_word' id='word_1_716' title='bbox 606 5357 689 5426; x_wconf 81' lang='lat' dir='ltr'>plena</span> <span class='ocrx_word' id='word_1_717' title='bbox 703 5371 762 5412; x_wconf 80' lang='lat' dir='ltr'>saut</span> <span class='ocrx_word' id='word_1_718' title='bbox 786 5360 884 5427; x_wconf 76' lang='lat' dir='ltr'>(ibid),</span> <span class='ocrx_word' id='word_1_719' title='bbox 904 5361 1015 5432; x_wconf 80' lang='lat' dir='ltr'>Ecquid</span> <span class='ocrx_word' id='word_1_720' title='bbox 1030 5365 1144 5432; x_wconf 78' lang='lat' dir='ltr'>periano</span> <span class='ocrx_word' id='word_1_721' title='bbox 1195 5358 1282 5429; x_wconf 76' lang='lat' dir='ltr'>magis</span> <span class='ocrx_word' id='word_1_722' title='bbox 1308 5359 1404 5414; x_wconf 87' lang='lat' dir='ltr'>babeat</span> <span class='ocrx_word' id='word_1_723' title='bbox 1426 5361 1631 5430; x_wconf 85' lang='lat' dir='ltr'>acceptabilem.</span> <span class='ocrx_word' id='word_1_724' title='bbox 1653 5360 1685 5414; x_wconf 85' lang='lat' dir='ltr'>Et</span> <span class='ocrx_word' id='word_1_725' title='bbox 1708 5361 1807 5432; x_wconf 91' lang='lat' dir='ltr'>probat</span> <span class='ocrx_word' id='word_1_726' title='bbox 1832 5361 1860 5417; x_wconf 93' lang='lat' dir='ltr'>in</span> <span class='ocrx_word' id='word_1_727' title='bbox 1884 5376 1982 5416; x_wconf 87' lang='lat' dir='ltr'>conse·</span> 
     </span>
     <span class='ocr_line' id='line_1_52' title="bbox 356 5448 1982 5526; baseline 0.008 -25"><span class='ocrx_word' id='word_1_728' title='bbox 356 5448 425 5501; x_wconf 73' lang='lat' dir='ltr'>vetit</span> <span class='ocrx_word' id='word_1_729' title='bbox 443 5448 568 5519; x_wconf 70' lang='lat' dir='ltr'>intelligi,</span> <span class='ocrx_word' id='word_1_730' title='bbox 587 5450 669 5518; x_wconf 86' lang='lat' dir='ltr'>paulo</span> <span class='ocrx_word' id='word_1_731' title='bbox 687 5461 748 5521; x_wconf 86' lang='lat' dir='ltr'>post</span> <span class='ocrx_word' id='word_1_732' title='bbox 766 5451 800 5507; x_wconf 83' lang='lat' dir='ltr'>ue</span> <span class='ocrx_word' id='word_1_733' title='bbox 816 5454 927 5509; x_wconf 78' lang='lat' dir='ltr'>cir-icam</span> <span class='ocrx_word' id='word_1_734' title='bbox 945 5455 1060 5526; x_wconf 74' lang='lat' dir='ltr'>taquam</span> <span class='ocrx_word' id='word_1_735' title='bbox 1079 5458 1145 5512; x_wconf 75' lang='lat' dir='ltr'>sum</span> <span class='ocrx_word' id='word_1_736' title='bbox 1195 5450 1343 5518; x_wconf 75' lang='grc' dir='ltr'><strong>111111ῑὶ1111</strong></span> <span class='ocrx_word' id='word_1_737' title='bbox 1357 5450 1430 5520; x_wconf 81' lang='lat' dir='ltr'>quon</span> <span class='ocrx_word' id='word_1_738' title='bbox 1448 5451 1470 5505; x_wconf 82' lang='lat' dir='ltr'>si</span> <span class='ocrx_word' id='word_1_739' title='bbox 1485 5450 1571 5506; x_wconf 78' lang='lat' dir='ltr'>tanai</span> <span class='ocrx_word' id='word_1_740' title='bbox 1589 5451 1673 5505; x_wconf 79' lang='lat' dir='ltr'>lavari</span> <span class='ocrx_word' id='word_1_741' title='bbox 1691 5453 1827 5506; x_wconf 81' lang='lat' dir='ltr'>voluerint</span> <span class='ocrx_word' id='word_1_742' title='bbox 1845 5465 1915 5522; x_wconf 79' lang='grc'><strong>11111</strong></span> <span class='ocrx_word' id='word_1_743' title='bbox 1933 5451 1982 5506; x_wconf 75' lang='lat' dir='ltr'>ha-</span> 
     </span>
     <span class='ocr_line' id='line_1_53' title="bbox 354 5537 1982 5616; baseline 0.002 -24"><span class='ocrx_word' id='word_1_744' title='bbox 354 5537 449 5608; x_wconf 76' lang='lat' dir='ltr'>juugit</span> <span class='ocrx_word' id='word_1_745' title='bbox 469 5556 476 5592; x_wconf 90' lang='lat'>:</span> <span class='ocrx_word' id='word_1_746' title='bbox 494 5537 632 5604; x_wconf 81' lang='lat' dir='ltr'>Quomodo</span> <span class='ocrx_word' id='word_1_747' title='bbox 650 5541 722 5608; x_wconf 73' lang='lat' dir='ltr'>sacra</span> <span class='ocrx_word' id='word_1_748' title='bbox 741 5552 780 5596; x_wconf 74' lang='lat' dir='ltr'>est</span> <span class='ocrx_word' id='word_1_749' title='bbox 801 5547 925 5597; x_wconf 72' lang='lat' dir='ltr'>naererrin</span> <span class='ocrx_word' id='word_1_750' title='bbox 946 5547 1038 5601; x_wconf 64' lang='lat' dir='ltr'>ciuile,</span> <span class='ocrx_word' id='word_1_751' title='bbox 1059 5547 1144 5616; x_wconf 66' lang='lat' dir='ltr'>fideii,</span> <span class='ocrx_word' id='word_1_752' title='bbox 1195 5540 1344 5609; x_wconf 89' lang='lat' dir='ltr'>ptisrnatis,</span> <span class='ocrx_word' id='word_1_753' title='bbox 1360 5556 1407 5610; x_wconf 89' lang='lat' dir='ltr'>per</span> <span class='ocrx_word' id='word_1_754' title='bbox 1420 5543 1494 5611; x_wconf 87' lang='lat' dir='ltr'>qrrod</span> <span class='ocrx_word' id='word_1_755' title='bbox 1509 5542 1597 5597; x_wconf 87' lang='lat' dir='ltr'>salum</span> <span class='ocrx_word' id='word_1_756' title='bbox 1614 5551 1729 5612; x_wconf 91' lang='lat' dir='ltr'>possunt</span> <span class='ocrx_word' id='word_1_757' title='bbox 1743 5558 1758 5596; x_wconf 88' lang='lat' dir='ltr'>a</span> <span class='ocrx_word' id='word_1_758' title='bbox 1774 5551 1886 5611; x_wconf 90' lang='lat' dir='ltr'>peccato</span> <span class='ocrx_word' id='word_1_759' title='bbox 1902 5558 1982 5596; x_wconf 89' lang='lat' dir='ltr'>urun-</span> 
     </span>
     <span class='ocr_line' id='line_1_54' title="bbox 356 5617 1982 5704; baseline 0.004 -23"><span class='ocrx_word' id='word_1_760' title='bbox 356 5627 438 5694; x_wconf 68' lang='lat' dir='ltr'>piena</span> <span class='ocrx_word' id='word_1_761' title='bbox 452 5626 704 5696; x_wconf 75' lang='lat' dir='ltr'>judieiisiiustitio</span> <span class='ocrx_word' id='word_1_762' title='bbox 722 5633 844 5702; x_wconf 72' lang='lat' dir='ltr'>requievit</span> <span class='ocrx_word' id='word_1_763' title='bbox 862 5635 890 5687; x_wconf 86' lang='lat' dir='ltr'>in</span> <span class='ocrx_word' id='word_1_764' title='bbox 909 5651 952 5702; x_wconf 80' lang='lat' dir='ltr'>en,</span> <span class='ocrx_word' id='word_1_765' title='bbox 971 5653 1039 5691; x_wconf 63' lang='lat' dir='ltr'>naaria</span> <span class='ocrx_word' id='word_1_766' title='bbox 1057 5650 1145 5695; x_wconf 66' lang='lat' dir='ltr'>narem</span> <span class='ocrx_word' id='word_1_767' title='bbox 1195 5633 1264 5697; x_wconf 83' lang='lat' dir='ltr'>dari,</span> <span class='ocrx_word' id='word_1_768' title='bbox 1279 5649 1359 5702; x_wconf 89' lang='lat' dir='ltr'>posse</span> <span class='ocrx_word' id='word_1_769' title='bbox 1372 5617 1540 5704; x_wconf 79' lang='lat' dir='ltr'>nigredinem</span> <span class='ocrx_word' id='word_1_770' title='bbox 1557 5643 1731 5704; x_wconf 89' lang='lat' dir='ltr'>peccatorum</span> <span class='ocrx_word' id='word_1_771' title='bbox 1748 5634 1847 5689; x_wconf 87' lang='lat' dir='ltr'>ntutari</span> <span class='ocrx_word' id='word_1_772' title='bbox 1861 5633 1982 5688; x_wconf 83' lang='lat' dir='ltr'>cerrdore</span> 
     </span>
     <span class='ocr_line' id='line_1_55' title="bbox 357 5719 1982 5802; baseline 0.004 -29"><span class='ocrx_word' id='word_1_773' title='bbox 357 5719 499 5774; x_wconf 81' lang='lat' dir='ltr'>homicida</span> <span class='ocrx_word' id='word_1_774' title='bbox 517 5721 615 5794; x_wconf 77' lang='lat' dir='ltr'>(inid).</span> <span class='ocrx_word' id='word_1_775' title='bbox 637 5721 1145 5802; x_wconf 68' lang='grc' dir='ltr'><strong>1111101111111,1ηηι1111υ(1;ως,μω.</strong></span> <span class='ocrx_word' id='word_1_776' title='bbox 1195 5722 1346 5778; x_wconf 74' lang='lat' dir='ltr'>nrunditiac.</span> <span class='ocrx_word' id='word_1_777' title='bbox 1369 5722 1528 5795; x_wconf 72' lang='lat' dir='ltr'>siluerint,</span> <span class='ocrx_word' id='word_1_778' title='bbox 1551 5727 1649 5796; x_wconf 83' lang='lat' dir='ltr'>inqrrit,</span> <span class='ocrx_word' id='word_1_779' title='bbox 1671 5736 1778 5795; x_wconf 82' lang='lat' dir='ltr'>peccata</span> <span class='ocrx_word' id='word_1_780' title='bbox 1803 5735 1890 5780; x_wconf 85' lang='lat' dir='ltr'>oestro</span> <span class='ocrx_word' id='word_1_781' title='bbox 1912 5727 1982 5780; x_wconf 86' lang='lat' dir='ltr'>sicut</span> 
     </span>
     <span class='ocr_line' id='line_1_56' title="bbox 358 5817 1979 5889; baseline 0.001 -22"><span class='ocrx_word' id='word_1_782' title='bbox 358 5820 421 5881; x_wconf 85' lang='lat' dir='ltr'>pter</span> <span class='ocrx_word' id='word_1_783' title='bbox 440 5821 554 5883; x_wconf 85' lang='lat' dir='ltr'>peccata</span> <span class='ocrx_word' id='word_1_784' title='bbox 572 5822 667 5869; x_wconf 90' lang='lat' dir='ltr'>nostra</span> <span class='ocrx_word' id='word_1_785' title='bbox 685 5818 870 5876; x_wconf 77' lang='lat' dir='ltr'>comminutus</span> <span class='ocrx_word' id='word_1_786' title='bbox 885 5829 939 5884; x_wconf 77' lang='lat' dir='ltr'>esc,</span> <span class='ocrx_word' id='word_1_787' title='bbox 953 5831 984 5876; x_wconf 80' lang='lat' dir='ltr'>m</span> <span class='ocrx_word' id='word_1_788' title='bbox 998 5823 1032 5879; x_wconf 69' lang='lat' dir='ltr'>de</span> <span class='ocrx_word' id='word_1_789' title='bbox 1046 5832 1145 5880; x_wconf 69' lang='lat' dir='ltr'>caererp</span> <span class='ocrx_word' id='word_1_790' title='bbox 1196 5817 1339 5878; x_wconf 81' lang='lat' dir='ltr'>coccinum,</span> <span class='ocrx_word' id='word_1_791' title='bbox 1357 5819 1435 5888; x_wconf 79' lang='lat' dir='ltr'>qnasi</span> <span class='ocrx_word' id='word_1_792' title='bbox 1452 5819 1497 5872; x_wconf 80' lang='lat' dir='ltr'>nia</span> <span class='ocrx_word' id='word_1_793' title='bbox 1514 5817 1708 5873; x_wconf 84' lang='lat' dir='ltr'>dealbabuntur</span> <span class='ocrx_word' id='word_1_794' title='bbox 1730 5817 1829 5889; x_wconf 70' lang='grc'><strong>111111).</strong></span> <span class='ocrx_word' id='word_1_795' title='bbox 1852 5817 1908 5871; x_wconf 88' lang='lat' dir='ltr'>lloc</span> <span class='ocrx_word' id='word_1_796' title='bbox 1926 5825 1979 5878; x_wconf 90' lang='lat' dir='ltr'>est,</span> 
     </span>
     <span class='ocr_line' id='line_1_57' title="bbox 357 5905 1982 5989; baseline 0.004 -30"><span class='ocrx_word' id='word_1_797' title='bbox 357 5919 411 5960; x_wconf 89' lang='lat' dir='ltr'>nos</span> <span class='ocrx_word' id='word_1_798' title='bbox 429 5918 445 5959; x_wconf 83' lang='lat' dir='ltr'>s</span> <span class='ocrx_word' id='word_1_799' title='bbox 462 5905 536 5961; x_wconf 85' lang='lat' dir='ltr'>nralo</span> <span class='ocrx_word' id='word_1_800' title='bbox 556 5918 754 5980; x_wconf 87' lang='lat' dir='ltr'>compesceret.</span> <span class='ocrx_word' id='word_1_801' title='bbox 773 5910 806 5967; x_wconf 82' lang='lat' dir='ltr'>m</span> <span class='ocrx_word' id='word_1_802' title='bbox 825 5912 877 5970; x_wconf 92' lang='lat' dir='ltr'>hoc</span> <span class='ocrx_word' id='word_1_803' title='bbox 898 5916 1047 5987; x_wconf 75' lang='lat' dir='ltr'>Scriptura</span> <span class='ocrx_word' id='word_1_804' title='bbox 1064 5933 1145 5989; x_wconf 86' lang='lat' dir='ltr'>repu-</span> <span class='ocrx_word' id='word_1_805' title='bbox 1195 5911 1321 5983; x_wconf 81' lang='lat' dir='ltr'>quamuis</span> <span class='ocrx_word' id='word_1_806' title='bbox 1336 5910 1488 5968; x_wconf 83' lang='lat' dir='ltr'>ebuderitis</span> <span class='ocrx_word' id='word_1_807' title='bbox 1503 5913 1663 5983; x_wconf 70' lang='lat' dir='ltr'>sauguinem</span> <span class='ocrx_word' id='word_1_808' title='bbox 1680 5911 1841 5973; x_wconf 76' lang='lat' dir='ltr'>Salinatoris,</span> <span class='ocrx_word' id='word_1_809' title='bbox 1858 5910 1886 5964; x_wconf 93' lang='lat' dir='ltr'>iu</span> <span class='ocrx_word' id='word_1_810' title='bbox 1901 5909 1982 5979; x_wconf 85' lang='lat' dir='ltr'>cujus</span> 
     </span>
     <span class='ocr_line' id='line_1_58' title="bbox 357 6002 1982 6078; baseline 0.006 -29"><span class='ocrx_word' id='word_1_811' title='bbox 357 6004 441 6066; x_wconf 63' lang='lat' dir='ltr'>gnate</span> <span class='ocrx_word' id='word_1_812' title='bbox 465 6013 528 6052; x_wconf 84' lang='lat' dir='ltr'>narn</span> <span class='ocrx_word' id='word_1_813' title='bbox 551 6008 645 6071; x_wconf 81' lang='lat' dir='ltr'>aperte</span> <span class='ocrx_word' id='word_1_814' title='bbox 667 6005 827 6072; x_wconf 88' lang='lat' dir='ltr'>pronuntiat</span> <span class='ocrx_word' id='word_1_815' title='bbox 848 6007 921 6077; x_wconf 82' lang='lat' dir='ltr'>quod</span> <span class='ocrx_word' id='word_1_816' title='bbox 944 6007 1008 6063; x_wconf 85' lang='lat' dir='ltr'>lacti</span> <span class='ocrx_word' id='word_1_817' title='bbox 1031 6009 1099 6066; x_wconf 87' lang='lat' dir='ltr'>estis</span> <span class='ocrx_word' id='word_1_818' title='bbox 1117 6009 1145 6065; x_wconf 92' lang='lat' dir='ltr'>iu</span> <span class='ocrx_word' id='word_1_819' title='bbox 1195 6006 1324 6076; x_wconf 84' lang='lat' dir='ltr'>passione</span> <span class='ocrx_word' id='word_1_820' title='bbox 1337 6006 1446 6076; x_wconf 75' lang='lat' dir='ltr'>signum</span> <span class='ocrx_word' id='word_1_821' title='bbox 1462 6004 1538 6062; x_wconf 83' lang='lat' dir='ltr'>Raab</span> <span class='ocrx_word' id='word_1_822' title='bbox 1551 6008 1695 6063; x_wconf 90' lang='lat' dir='ltr'>coccinum</span> <span class='ocrx_word' id='word_1_823' title='bbox 1711 6003 1848 6078; x_wconf 85' lang='lat' dir='ltr'>quondam</span> <span class='ocrx_word' id='word_1_824' title='bbox 1865 6003 1893 6060; x_wconf 93' lang='lat' dir='ltr'>in</span> <span class='ocrx_word' id='word_1_825' title='bbox 1908 6002 1982 6059; x_wconf 88' lang='lat' dir='ltr'>lene·</span> 
     </span>
     <span class='ocr_line' id='line_1_59' title="bbox 357 6086 1982 6170; baseline 0.009 -32"><span class='ocrx_word' id='word_1_826' title='bbox 357 6086 529 6151; x_wconf 84' lang='lat' dir='ltr'>satietatem,</span> <span class='ocrx_word' id='word_1_827' title='bbox 550 6091 621 6160; x_wconf 80' lang='lat' dir='ltr'>quod</span> <span class='ocrx_word' id='word_1_828' title='bbox 645 6095 815 6150; x_wconf 90' lang='lat' dir='ltr'>tantumdem</span> <span class='ocrx_word' id='word_1_829' title='bbox 834 6097 916 6162; x_wconf 79' lang='lat' dir='ltr'>rain,</span> <span class='ocrx_word' id='word_1_830' title='bbox 936 6114 967 6153; x_wconf 87' lang='lat' dir='ltr'>nc</span> <span class='ocrx_word' id='word_1_831' title='bbox 988 6099 1011 6154; x_wconf 92' lang='lat' dir='ltr'>si</span> <span class='ocrx_word' id='word_1_832' title='bbox 1031 6099 1145 6156; x_wconf 83' lang='lat' dir='ltr'>dixisset</span> <span class='ocrx_word' id='word_1_833' title='bbox 1196 6103 1252 6150; x_wconf 86' lang='lat' dir='ltr'>stra</span> <span class='ocrx_word' id='word_1_834' title='bbox 1265 6095 1403 6166; x_wconf 89' lang='lat' dir='ltr'>dependit,</span> <span class='ocrx_word' id='word_1_835' title='bbox 1416 6098 1592 6168; x_wconf 80' lang='lat' dir='ltr'>prmhgurans</span> <span class='ocrx_word' id='word_1_836' title='bbox 1605 6099 1677 6170; x_wconf 87' lang='lat' dir='ltr'>quod</span> <span class='ocrx_word' id='word_1_837' title='bbox 1693 6101 1751 6170; x_wconf 88' lang='lat' dir='ltr'>ipsa</span> <span class='ocrx_word' id='word_1_838' title='bbox 1765 6107 1793 6155; x_wconf 88' lang='lat' dir='ltr'>et</span> <span class='ocrx_word' id='word_1_839' title='bbox 1807 6098 1907 6154; x_wconf 88' lang='lat' dir='ltr'>domus</span> <span class='ocrx_word' id='word_1_840' title='bbox 1922 6098 1982 6167; x_wconf 85' lang='lat' dir='ltr'>ejus</span> 
     </span>
     <span class='ocr_line' id='line_1_60' title="bbox 358 6179 1980 6262; baseline 0.007 -30"><span class='ocrx_word' id='word_1_841' title='bbox 358 6179 386 6233; x_wconf 88' lang='lat' dir='ltr'>in</span> <span class='ocrx_word' id='word_1_842' title='bbox 418 6180 540 6238; x_wconf 75' lang='lat' dir='ltr'>taedium.</span> <span class='ocrx_word' id='word_1_843' title='bbox 571 6185 672 6242; x_wconf 75' lang='lat' dir='ltr'>Contra</span> <span class='ocrx_word' id='word_1_844' title='bbox 695 6188 745 6244; x_wconf 76' lang='lat' dir='ltr'>hoa</span> <span class='ocrx_word' id='word_1_845' title='bbox 769 6190 840 6248; x_wconf 67' lang='lat' dir='ltr'>riarual</span> <span class='ocrx_word' id='word_1_846' title='bbox 864 6193 1045 6251; x_wconf 73' lang='lat' dir='ltr'>pratrocinium</span> <span class='ocrx_word' id='word_1_847' title='bbox 1067 6194 1143 6251; x_wconf 62' lang='lat' dir='ltr'>coti,</span> <span class='ocrx_word' id='word_1_848' title='bbox 1197 6189 1222 6242; x_wconf 92' lang='lat' dir='ltr'>iu</span> <span class='ocrx_word' id='word_1_849' title='bbox 1238 6196 1379 6253; x_wconf 71' lang='lat' dir='ltr'>arctoam,</span> <span class='ocrx_word' id='word_1_850' title='bbox 1397 6205 1457 6262; x_wconf 73' lang='lat' dir='ltr'>quac</span> <span class='ocrx_word' id='word_1_851' title='bbox 1471 6199 1511 6245; x_wconf 56' lang='lat' dir='ltr'>cst</span> <span class='ocrx_word' id='word_1_852' title='bbox 1529 6190 1651 6248; x_wconf 60' lang='lat' dir='ltr'>Ecclesia</span> <span class='ocrx_word' id='word_1_853' title='bbox 1667 6198 1831 6262; x_wconf 72' lang='lat' dir='ltr'>congregata</span> <span class='ocrx_word' id='word_1_854' title='bbox 1846 6190 1879 6246; x_wconf 89' lang='lat' dir='ltr'>dc</span> <span class='ocrx_word' id='word_1_855' title='bbox 1894 6189 1980 6261; x_wconf 68' lang='lat' dir='ltr'>perati-</span> 
     </span>
    </p>
   </div>
   <div class='ocr_carea' id='block_1_3' title="bbox 0 0 2577 7059">
    <p class='ocr_par' dir='ltr' id='par_1_3' title="bbox 0 0 2577 7059">
     <span class='ocr_line' id='line_1_61' title="bbox 0 0 2577 7059; baseline 0 0"><span class='ocrx_word' id='word_1_856' title='bbox 0 0 2577 7059; x_wconf 95' lang='lat' dir='ltr'> </span> 
     </span>
    </p>
   </div>
  </div>
 </body>
</html>
